timestamp,tradeType,price,available_amount,min_single_trans,max_single_trans,payment_methods,nickName
2025-10-28T00:00:09.742107,SELL,1474.81,175.98,8000.0,259537.0,"Naranja X, Lemon Cash, Mercadopago",NicoYiyi
2025-10-28T00:00:09.742149,SELL,1474.8,149.2,45700.0,180000.0,"BBVA, Banco Brubank, Banco del Sol, Mercadopago, Naranja X",exchange1260
2025-10-28T00:00:09.742161,SELL,1474.53,68.1,10000.0,100000.0,"Lemon Cash, Uala, Mercadopago, Banco Brubank",misiocrypto
2025-10-28T00:00:09.742170,SELL,1474.53,238.61,7840.0,50000.0,"Bank Transfer (Argentina), Lemon Cash, Mercadopago, Naranja X, Banco Brubank",La_abuelita_cripto
2025-10-28T00:00:09.742178,SELL,1474.5,550.05,300000.0,811048.0,"Lemon Cash, Mercadopago, Banco Brubank, Naranja X, Uala",Mauri muchos Dolares
2025-10-28T00:00:09.742186,SELL,1473.91,245.0,30000.0,250000.0,"Belo app, Naranja X, Mercadopago, Lemon Cash, Banco Brubank",mw-project
2025-10-28T00:00:09.742208,SELL,1473.9,700.0,10000.0,1031730.0,"Lemon Cash, Banco Brubank, Naranja X",gapicc
2025-10-28T00:00:09.742217,SELL,1473.81,5745.82,300000.0,8468246.0,"Banco Brubank, Bank Transfer (Argentina), Mercadopago, Uala, Lemon Cash",GTDigitalCapital
2025-10-28T00:00:09.742224,SELL,1473.8,6649.0,250000.0,9799296.0,"BBVA, Banco Brubank, Bank Transfer (Argentina), Mercadopago, Naranja X",TecnoBL
2025-10-28T00:00:09.742232,SELL,1473.8,6024.28,1000000.0,8878583.0,"Banco Brubank, Uala, Bank Transfer (Argentina), Lemon Cash, Mercadopago",cryptoMarket_000
2025-10-28T00:00:09.742239,SELL,1473.79,1295.26,700000.0,1908941.0,Lemon Cash,Latocrip
2025-10-28T00:00:09.742246,SELL,1473.76,3744.43,700000.0,5518391.0,Mercadopago,FuriaLuminosa
2025-10-28T00:00:09.742261,SELL,1473.51,2100.05,800000.0,3094444.0,Lemon Cash,DarkHold_
2025-10-28T00:00:09.742274,SELL,1473.5,100.0,7900.0,50000.0,Mercadopago,Leocandia
2025-10-28T00:00:09.742287,SELL,1473.19,1407.0,400000.0,2072778.0,"Uala, Banco Brubank, Bank Transfer (Argentina), Mercadopago, Banco Santander Argentina",_iCrypto23_
2025-10-28T00:00:09.742295,SELL,1473.16,2720.3,200000.0,4007437.0,"Lemon Cash, Mercadopago, Naranja X, Uala, Banco Brubank",VolumenExpress
2025-10-28T00:00:09.742302,SELL,1473.15,569.41,100000.0,838826.0,"Reba, Mercadopago, Banco Brubank, Naranja X, Lemon Cash",MolinetCoin
2025-10-28T00:00:09.742310,SELL,1473.0,400.0,500000.0,589200.0,"Mercadopago, Lemon Cash, Belo app, Banco Brubank, Uala",KEVINENVIO24
2025-10-28T00:00:09.742317,SELL,1472.55,64116.27,150000.0,4500000.0,"Banco Santander Argentina, Lemon Cash, Mercadopago, Naranja X, Bank Transfer (Argentina)",--VERTICE--AR--
2025-10-28T00:00:09.742324,SELL,1472.5,2000.0,200000.0,2945000.0,"Banco Santander Argentina, BBVA, Banco Brubank, Belo app, Bank Transfer (Argentina)",la-pitu
2025-10-28T00:00:10.230909,BUY,1477.0,33.13,25000.0,48835.0,"Banco Brubank, Lemon Cash",Felipocomas
2025-10-28T00:00:10.230949,BUY,1477.19,24.0,15000.0,35381.0,"Lemon Cash, Mercadopago",misiocrypto
2025-10-28T00:00:10.230958,BUY,1477.19,270.31,30000.0,398502.0,"Naranja X, Lemon Cash, Banco Brubank",User-342ef
2025-10-28T00:00:10.230967,BUY,1477.19,100.0,10000.0,130000.0,Lemon Cash,exe07
2025-10-28T00:00:10.230976,BUY,1477.21,57.4,50000.0,84622.0,"Mercadopago, Lemon Cash",Dashremesas
2025-10-28T00:00:10.230985,BUY,1477.22,736.8,500000.0,1086243.0,"Mercadopago, Banco Brubank, Naranja X",Fondo Coqui
2025-10-28T00:00:10.230995,BUY,1477.22,10.99,7840.0,16202.0,"Bank Transfer (Argentina), Banco Brubank, Uala, Naranja X, Banco Santander Argentina",CriptoNabis
2025-10-28T00:00:10.231005,BUY,1477.25,40.27,10000.0,59370.0,"Naranja X, Lemon Cash, Banco Brubank",gapicc
2025-10-28T00:00:10.231013,BUY,1477.3,97.62,8000.0,143926.0,"Banco Brubank, Naranja X, Lemon Cash",CyptoFabi
2025-10-28T00:00:10.231023,BUY,1477.38,975.57,500000.0,1438410.0,"Mercadopago, Bank Transfer (Argentina), Lemon Cash, Naranja X",Ivan_33
2025-10-28T00:00:10.231032,BUY,1477.6,200.79,30000.0,296095.0,"Mercadopago, Uala, Belo app, Banco Brubank, Prex",Jcripton
2025-10-28T00:00:10.231041,BUY,1477.6,146.99,8000.0,216758.0,"Mercadopago, Bank Transfer (Argentina), Banco Brubank, Uala, Reba",DaroFast
2025-10-28T00:00:10.231049,BUY,1477.65,156.89,8000.0,231365.0,"Mercadopago, Naranja X, Banco Brubank, Lemon Cash, Prex",Mar_azul25
2025-10-28T00:00:10.231058,BUY,1477.99,132.01,8000.0,194720.0,"Mercadopago, Lemon Cash, Banco Brubank, Uala, Bank Transfer",BWR-cambioCRYPTO
2025-10-28T00:00:10.231066,BUY,1478.0,99.86,75000.0,147298.0,"Mercadopago, Uala, Naranja X",P2P-70e3dfif
2025-10-28T00:00:10.231075,BUY,1478.0,3365.82,250000.0,2700000.0,"Uala, Naranja X, Banco Brubank",Romanzoncripto
2025-10-28T00:00:10.231084,BUY,1478.5,709.72,100000.0,1047226.0,"Banco Brubank, Bank Transfer (Argentina), Lemon Cash, Uala",Lebronjames6
2025-10-28T00:00:10.231170,BUY,1478.5,1900.42,2000000.0,2804162.0,"Naranja X, Lemon Cash",User-5dc26
2025-10-28T00:00:10.231199,BUY,1479.0,161.04,15000.0,237702.0,Fiwind,Gasti96
2025-10-28T00:00:10.231209,BUY,1479.0,300.0,15000.0,442814.0,"Banco Brubank, Mercadopago, Uala",Leoocrypto
2025-10-28T00:08:52.751556+00:00,SELL,1500.01,10000.0,1960.0,15000100.0,Banco Santander Argentina,Pentagoo_UY
2025-10-28T00:08:52.751605+00:00,SELL,1474.8,59.25,45700.0,87381.0,"BBVA, Banco Brubank, Banco del Sol, Mercadopago, Naranja X",exchange1260
2025-10-28T00:08:52.751637+00:00,SELL,1474.54,100.0,10000.0,90000.0,Lemon Cash,exe07
2025-10-28T00:08:52.751661+00:00,SELL,1474.53,204.76,7840.0,50000.0,"Bank Transfer (Argentina), Lemon Cash, Mercadopago, Naranja X, Banco Brubank",La_abuelita_cripto
2025-10-28T00:08:52.751672+00:00,SELL,1474.5,550.05,300000.0,811048.0,"Lemon Cash, Mercadopago, Banco Brubank, Naranja X, Uala",Mauri muchos Dolares
2025-10-28T00:08:52.751680+00:00,SELL,1474.25,2850.26,200000.0,4201995.0,"Mercadopago, Naranja X, Fiwind, Bank Transfer (Argentina)",Cambios_Donsatur
2025-10-28T00:08:52.751687+00:00,SELL,1474.2,3744.0,700000.0,5519404.0,Mercadopago,FuriaLuminosa
2025-10-28T00:08:52.751695+00:00,SELL,1474.19,506.1,400000.0,746087.0,"Uala, Banco Brubank, Bank Transfer (Argentina), Mercadopago, Banco Santander Argentina",_iCrypto23_
2025-10-28T00:08:52.751703+00:00,SELL,1474.15,1203.73,1000000.0,1774478.0,"Mercadopago, Lemon Cash, Bank Transfer (Argentina), Uala, Banco Brubank",cryptoMarket_000
2025-10-28T00:08:52.751711+00:00,SELL,1474.0,1065.09,200000.0,1569936.0,"Lemon Cash, Mercadopago, Uala, Naranja X",rjrmcrypto23
2025-10-28T00:08:52.751718+00:00,SELL,1474.0,1400.0,1000000.0,2063600.0,"Banco Brubank, Bank Transfer (Argentina), Uala",vinnievinzfinanzas
2025-10-28T00:08:52.751726+00:00,SELL,1474.0,50538.35,1000000.0,19500000.0,"Lemon Cash, Mercadopago, Belo app",EQRCrypto
2025-10-28T00:08:52.751734+00:00,SELL,1473.95,3800.05,100000.0,5601083.0,"Banco Brubank, Lemon Cash, Mercadopago, Uala, Naranja X",MauXYZ
2025-10-28T00:08:52.751754+00:00,SELL,1473.92,1370.45,200000.0,2019933.0,"Lemon Cash, Mercadopago, Naranja X, Uala, Banco Brubank",VolumenExpress
2025-10-28T00:08:52.751771+00:00,SELL,1473.91,99.7,30000.0,146948.0,"Belo app, Naranja X, Mercadopago, Lemon Cash, Banco Brubank",mw-project
2025-10-28T00:08:52.751799+00:00,SELL,1473.9,2700.0,1000000.0,3979530.0,Mercadopago,Iseco1995
2025-10-28T00:08:52.751815+00:00,SELL,1473.9,64116.27,150000.0,4500000.0,"Banco Santander Argentina, Lemon Cash, Mercadopago, Naranja X, Bank Transfer (Argentina)",--VERTICE--AR--
2025-10-28T00:08:52.751835+00:00,SELL,1473.84,1315.41,100000.0,1938703.0,"Lemon Cash, Mercadopago, Bank Transfer (Argentina), Banco Brubank",Reymoney
2025-10-28T00:08:52.751864+00:00,SELL,1473.81,1552.5,300000.0,2288090.0,"Banco Brubank, Bank Transfer (Argentina), Mercadopago, Uala, Lemon Cash",GTDigitalCapital
2025-10-28T00:08:52.751903+00:00,SELL,1473.8,6649.0,250000.0,9799296.0,"BBVA, Banco Brubank, Bank Transfer (Argentina), Mercadopago, Naranja X",TecnoBL
2025-10-28T00:08:53.197729+00:00,BUY,1476.87,318.9,450000.0,470033.0,"Mercadopago, Banco Brubank, Naranja X",Fondo Coqui
2025-10-28T00:08:53.197771+00:00,BUY,1477.0,502.93,7840.0,741344.0,BBVA,HijosdeAbraham
2025-10-28T00:08:53.197782+00:00,BUY,1477.0,1671.02,25000.0,2463170.0,"Uala, Naranja X, Banco Brubank",Romanzoncripto
2025-10-28T00:08:53.197790+00:00,BUY,1477.18,49.0,10000.0,72237.0,Lemon Cash,exe07
2025-10-28T00:08:53.197797+00:00,BUY,1477.21,57.4,50000.0,84622.0,"Mercadopago, Lemon Cash",Dashremesas
2025-10-28T00:08:53.197806+00:00,BUY,1477.22,10.99,7840.0,16202.0,"Bank Transfer (Argentina), Banco Brubank, Uala, Naranja X, Banco Santander Argentina",CriptoNabis
2025-10-28T00:08:53.197815+00:00,BUY,1477.3,97.62,8000.0,143926.0,"Banco Brubank, Naranja X, Lemon Cash",CyptoFabi
2025-10-28T00:08:53.197825+00:00,BUY,1477.6,200.79,30000.0,296095.0,"Mercadopago, Uala, Belo app, Banco Brubank, Prex",Jcripton
2025-10-28T00:08:53.197834+00:00,BUY,1477.6,146.99,8000.0,216758.0,"Mercadopago, Bank Transfer (Argentina), Banco Brubank, Uala, Reba",DaroFast
2025-10-28T00:08:53.197843+00:00,BUY,1477.65,156.89,8000.0,231365.0,"Mercadopago, Naranja X, Banco Brubank, Lemon Cash, Prex",Mar_azul25
2025-10-28T00:08:53.197851+00:00,BUY,1477.99,132.01,8000.0,194720.0,"Mercadopago, Lemon Cash, Banco Brubank, Uala, Bank Transfer",BWR-cambioCRYPTO
2025-10-28T00:08:53.197859+00:00,BUY,1478.0,99.86,75000.0,147298.0,"Mercadopago, Uala, Naranja X",P2P-70e3dfif
2025-10-28T00:08:53.197867+00:00,BUY,1478.5,709.72,100000.0,1047226.0,"Banco Brubank, Bank Transfer (Argentina), Lemon Cash, Uala",Lebronjames6
2025-10-28T00:08:53.197875+00:00,BUY,1479.0,161.04,15000.0,237702.0,Fiwind,Gasti96
2025-10-28T00:08:53.197882+00:00,BUY,1479.0,300.0,15000.0,442814.0,"Banco Brubank, Mercadopago, Uala",Leoocrypto
2025-10-28T00:08:53.197890+00:00,BUY,1479.0,1500.0,300000.0,2214071.0,Bank Transfer (Argentina),Dayacortez
2025-10-28T00:08:53.197899+00:00,BUY,1479.75,101.0,8000.0,149156.0,"Banco Brubank, Lemon Cash, Mercadopago, Reba, Belo app",Totty_Criptoya
2025-10-28T00:08:53.197907+00:00,BUY,1479.87,3900.0,400000.0,5765727.0,"Mercadopago, Banco Brubank, Bank Transfer (Argentina), Banco Santander Argentina, Naranja X",_iCrypto23_
2025-10-28T00:08:53.197916+00:00,BUY,1479.96,862.28,80000.0,1000000.0,Lemon Cash,GoodDay100
2025-10-28T00:08:53.197924+00:00,BUY,1480.0,970.85,200000.0,1433990.0,"Mercadopago, Uala, Banco Brubank, Lemon Cash",Gabi966
2025-10-28T00:13:53.826624+00:00,SELL,1500.01,10000.0,1960.0,15000100.0,Banco Santander Argentina,Pentagoo_UY
2025-10-28T00:13:53.826668+00:00,SELL,1475.05,339.0,100000.0,500000.0,"Mercadopago, Naranja X, Bank Transfer (Argentina), Banco Brubank",iPetraStore
2025-10-28T00:13:53.826680+00:00,SELL,1475.0,1064.36,200000.0,1569931.0,"Lemon Cash, Mercadopago, Uala, Naranja X",rjrmcrypto23
2025-10-28T00:13:53.826690+00:00,SELL,1474.8,59.25,45700.0,87381.0,"BBVA, Banco Brubank, Banco del Sol, Mercadopago, Naranja X",exchange1260
2025-10-28T00:13:53.826699+00:00,SELL,1474.8,550.05,300000.0,811213.0,"Lemon Cash, Mercadopago, Banco Brubank, Naranja X, Uala",Mauri muchos Dolares
2025-10-28T00:13:53.826707+00:00,SELL,1474.54,100.0,10000.0,90000.0,Lemon Cash,exe07
2025-10-28T00:13:53.826716+00:00,SELL,1474.54,179.81,7840.0,50000.0,"Bank Transfer (Argentina), Lemon Cash, Mercadopago, Naranja X, Banco Brubank",La_abuelita_cripto
2025-10-28T00:13:53.826757+00:00,SELL,1474.35,1150.23,400000.0,1695841.0,"Naranja X, Banco Brubank, Bank Transfer (Argentina), Mercadopago, Lemon Cash",CRYPTOP2PL
2025-10-28T00:13:53.826766+00:00,SELL,1474.33,1203.58,1000000.0,1774474.0,"Mercadopago, Lemon Cash, Bank Transfer (Argentina), Uala, Banco Brubank",cryptoMarket_000
2025-10-28T00:13:53.826777+00:00,SELL,1474.3,1400.1,700000.0,2064167.0,Mercadopago,FuriaLuminosa
2025-10-28T00:13:53.826801+00:00,SELL,1474.25,2850.26,200000.0,4201995.0,"Mercadopago, Naranja X, Fiwind, Bank Transfer (Argentina)",Cambios_Donsatur
2025-10-28T00:13:53.826877+00:00,SELL,1474.25,2700.0,1000000.0,3980475.0,Mercadopago,Iseco1995
2025-10-28T00:13:53.826893+00:00,SELL,1474.0,1400.0,1000000.0,2063600.0,"Banco Brubank, Bank Transfer (Argentina), Uala",vinnievinzfinanzas
2025-10-28T00:13:53.826903+00:00,SELL,1474.0,47928.4,1000000.0,19500000.0,"Lemon Cash, Mercadopago, Belo app",EQRCrypto
2025-10-28T00:13:53.826911+00:00,SELL,1473.96,64116.27,150000.0,4500000.0,"Banco Santander Argentina, Lemon Cash, Mercadopago, Naranja X, Bank Transfer (Argentina)",--VERTICE--AR--
2025-10-28T00:13:53.826921+00:00,SELL,1473.95,4699.93,100000.0,6000000.0,"Banco Brubank, Lemon Cash, Mercadopago, Uala, Naranja X",MauXYZ
2025-10-28T00:13:53.826930+00:00,SELL,1473.92,1370.45,200000.0,2019933.0,"Lemon Cash, Mercadopago, Naranja X, Uala, Banco Brubank",VolumenExpress
2025-10-28T00:13:53.826939+00:00,SELL,1473.91,99.7,30000.0,146948.0,"Belo app, Naranja X, Mercadopago, Lemon Cash, Banco Brubank",mw-project
2025-10-28T00:13:53.826947+00:00,SELL,1473.85,100.0,95000.0,100000.0,"Banco Brubank, Bank Transfer (Argentina), Naranja X, Bank Transfer, Mercadopago",Cambio_d_plata
2025-10-28T00:13:53.826955+00:00,SELL,1473.84,1315.41,100000.0,1938703.0,"Lemon Cash, Mercadopago, Bank Transfer (Argentina), Banco Brubank",Reymoney
2025-10-28T00:13:54.271035+00:00,BUY,1477.0,284.79,7840.0,419795.0,BBVA,HijosdeAbraham
2025-10-28T00:13:54.271077+00:00,BUY,1477.0,1575.08,25000.0,2321749.0,"Uala, Naranja X, Banco Brubank",Romanzoncripto
2025-10-28T00:13:54.271089+00:00,BUY,1477.2,100.0,10000.0,130000.0,Lemon Cash,exe07
2025-10-28T00:13:54.271097+00:00,BUY,1477.21,57.4,50000.0,84622.0,"Mercadopago, Lemon Cash",Dashremesas
2025-10-28T00:13:54.271107+00:00,BUY,1477.22,10.99,7840.0,16202.0,"Bank Transfer (Argentina), Banco Brubank, Uala, Naranja X, Banco Santander Argentina",CriptoNabis
2025-10-28T00:13:54.271116+00:00,BUY,1477.24,201.47,50000.0,250000.0,"Banco Brubank, Mercadopago, Lemon Cash, Naranja X, Belo app",mw-project
2025-10-28T00:13:54.271124+00:00,BUY,1477.25,173.0,255000.0,255054.0,"Naranja X, Mercadopago, Lemon Cash",mpap2p
2025-10-28T00:13:54.271132+00:00,BUY,1477.3,97.62,8000.0,143926.0,"Banco Brubank, Naranja X, Lemon Cash",CyptoFabi
2025-10-28T00:13:54.271141+00:00,BUY,1477.5,477.96,7840.0,704776.0,"Lemon Cash, Mercadopago, Naranja X, Bank Transfer (Argentina), Banco Brubank",matcaraballo
2025-10-28T00:13:54.271151+00:00,BUY,1477.6,146.99,8000.0,216758.0,"Mercadopago, Bank Transfer (Argentina), Banco Brubank, Uala, Reba",DaroFast
2025-10-28T00:13:54.271160+00:00,BUY,1477.65,156.89,8000.0,231365.0,"Mercadopago, Naranja X, Banco Brubank, Lemon Cash, Prex",Mar_azul25
2025-10-28T00:13:54.271168+00:00,BUY,1477.98,665.16,50000.0,400000.0,"Mercadopago, Banco Brubank, Lemon Cash",DelPlata_Cripto
2025-10-28T00:13:54.271177+00:00,BUY,1477.99,132.01,8000.0,194720.0,"Mercadopago, Lemon Cash, Banco Brubank, Uala, Bank Transfer",BWR-cambioCRYPTO
2025-10-28T00:13:54.271185+00:00,BUY,1478.0,99.86,75000.0,147298.0,"Mercadopago, Uala, Naranja X",P2P-70e3dfif
2025-10-28T00:13:54.271193+00:00,BUY,1478.5,709.72,100000.0,1047226.0,"Banco Brubank, Bank Transfer (Argentina), Lemon Cash, Uala",Lebronjames6
2025-10-28T00:13:54.271201+00:00,BUY,1479.0,161.04,15000.0,237702.0,Fiwind,Gasti96
2025-10-28T00:13:54.271209+00:00,BUY,1479.0,300.0,15000.0,442814.0,"Banco Brubank, Mercadopago, Uala",Leoocrypto
2025-10-28T00:13:54.271218+00:00,BUY,1479.0,619.28,300000.0,914086.0,Bank Transfer (Argentina),Dayacortez
2025-10-28T00:13:54.271227+00:00,BUY,1479.75,101.0,8000.0,149156.0,"Banco Brubank, Lemon Cash, Mercadopago, Reba, Belo app",Totty_Criptoya
2025-10-28T00:13:54.271235+00:00,BUY,1480.0,970.85,200000.0,1433990.0,"Mercadopago, Uala, Banco Brubank, Lemon Cash",Gabi966
2025-10-28T00:18:54.891638+00:00,SELL,1500.01,10000.0,1960.0,15000100.0,Banco Santander Argentina,Pentagoo_UY
2025-10-28T00:18:54.891693+00:00,SELL,1475.25,1064.18,200000.0,1569931.0,"Lemon Cash, Mercadopago, Uala, Naranja X",rjrmcrypto23
2025-10-28T00:18:54.891706+00:00,SELL,1475.05,260.21,100000.0,383822.0,"Mercadopago, Naranja X, Bank Transfer (Argentina), Banco Brubank",iPetraStore
2025-10-28T00:18:54.891714+00:00,SELL,1475.0,42528.08,1000000.0,19500000.0,"Lemon Cash, Mercadopago, Belo app",EQRCrypto
2025-10-28T00:18:54.891723+00:00,SELL,1474.8,550.05,300000.0,811213.0,"Lemon Cash, Mercadopago, Banco Brubank, Naranja X, Uala",Mauri muchos Dolares
2025-10-28T00:18:54.891731+00:00,SELL,1474.7,5994.0,700000.0,8839351.0,Mercadopago,FuriaLuminosa
2025-10-28T00:18:54.891740+00:00,SELL,1474.66,1203.32,600000.0,1774481.0,"Banco Brubank, Uala, Bank Transfer (Argentina), Lemon Cash, Mercadopago",cryptoMarket_000
2025-10-28T00:18:54.891748+00:00,SELL,1474.54,17.19,10000.0,25347.0,Lemon Cash,exe07
2025-10-28T00:18:54.891756+00:00,SELL,1474.54,179.81,7840.0,50000.0,"Bank Transfer (Argentina), Lemon Cash, Mercadopago, Naranja X, Banco Brubank",La_abuelita_cripto
2025-10-28T00:18:54.891764+00:00,SELL,1474.5,700.0,10000.0,1032150.0,"Lemon Cash, Banco Brubank, Naranja X",gapicc
2025-10-28T00:18:54.891773+00:00,SELL,1474.5,4477.42,500000.0,4000000.0,"Mercadopago, Banco Brubank, Banco Santander Argentina, Bank Transfer (Argentina)",Paramahanssa
2025-10-28T00:18:54.891782+00:00,SELL,1474.4,546.01,100000.0,805037.0,"Lemon Cash, Mercadopago, Bank Transfer (Argentina), Banco Brubank",Reymoney
2025-10-28T00:18:54.891792+00:00,SELL,1474.31,747.33,200000.0,1101796.0,"Lemon Cash, Mercadopago, Naranja X, Uala, Banco Brubank",VolumenExpress
2025-10-28T00:18:54.891801+00:00,SELL,1474.25,2850.26,200000.0,4201995.0,"Mercadopago, Naranja X, Fiwind, Bank Transfer (Argentina)",Cambios_Donsatur
2025-10-28T00:18:54.891809+00:00,SELL,1474.0,1400.0,1000000.0,2063600.0,"Banco Brubank, Bank Transfer (Argentina), Uala",vinnievinzfinanzas
2025-10-28T00:18:54.891823+00:00,SELL,1474.0,4700.0,1000000.0,6927800.0,Mercadopago,Iseco1995
2025-10-28T00:18:54.891831+00:00,SELL,1473.96,64014.51,150000.0,4500000.0,"Banco Santander Argentina, Lemon Cash, Mercadopago, Naranja X, Bank Transfer (Argentina)",--VERTICE--AR--
2025-10-28T00:18:54.891840+00:00,SELL,1473.91,99.7,30000.0,146948.0,"Belo app, Naranja X, Mercadopago, Lemon Cash, Banco Brubank",mw-project
2025-10-28T00:18:54.891848+00:00,SELL,1473.8,6649.0,250000.0,9799296.0,"BBVA, Banco Brubank, Bank Transfer (Argentina), Mercadopago, Naranja X",TecnoBL
2025-10-28T00:18:54.891856+00:00,SELL,1473.51,2100.05,800000.0,3094444.0,Lemon Cash,DarkHold_
2025-10-28T00:18:55.343540+00:00,BUY,1477.0,284.79,7840.0,419795.0,BBVA,HijosdeAbraham
2025-10-28T00:18:55.343587+00:00,BUY,1477.22,10.99,7840.0,16202.0,"Bank Transfer (Argentina), Banco Brubank, Uala, Naranja X, Banco Santander Argentina",CriptoNabis
2025-10-28T00:18:55.343599+00:00,BUY,1477.24,153.93,50000.0,226937.0,"Banco Brubank, Mercadopago, Lemon Cash, Naranja X, Belo app",mw-project
2025-10-28T00:18:55.343731+00:00,BUY,1477.25,173.0,255000.0,255054.0,"Naranja X, Mercadopago, Lemon Cash",mpap2p
2025-10-28T00:18:55.343744+00:00,BUY,1477.3,100.0,10000.0,130000.0,Lemon Cash,exe07
2025-10-28T00:18:55.343753+00:00,BUY,1477.3,107.54,8000.0,158551.0,"Banco Brubank, Naranja X, Lemon Cash",CyptoFabi
2025-10-28T00:18:55.343762+00:00,BUY,1477.5,81.24,7840.0,119792.0,"Lemon Cash, Mercadopago, Naranja X, Bank Transfer (Argentina), Banco Brubank",matcaraballo
2025-10-28T00:18:55.343780+00:00,BUY,1477.5,1347.43,25000.0,1986854.0,"Uala, Naranja X, Banco Brubank",Romanzoncripto
2025-10-28T00:18:55.343790+00:00,BUY,1477.6,146.99,8000.0,216758.0,"Mercadopago, Bank Transfer (Argentina), Banco Brubank, Uala, Reba",DaroFast
2025-10-28T00:18:55.343799+00:00,BUY,1477.65,156.89,8000.0,231365.0,"Mercadopago, Naranja X, Banco Brubank, Lemon Cash, Prex",Mar_azul25
2025-10-28T00:18:55.343808+00:00,BUY,1477.99,132.01,8000.0,194720.0,"Mercadopago, Lemon Cash, Banco Brubank, Uala, Bank Transfer",BWR-cambioCRYPTO
2025-10-28T00:18:55.343816+00:00,BUY,1478.0,99.86,75000.0,147298.0,"Mercadopago, Uala, Naranja X",P2P-70e3dfif
2025-10-28T00:18:55.343825+00:00,BUY,1478.5,709.72,100000.0,1047226.0,"Banco Brubank, Bank Transfer (Argentina), Lemon Cash, Uala",Lebronjames6
2025-10-28T00:18:55.343833+00:00,BUY,1479.0,161.04,15000.0,237702.0,Fiwind,Gasti96
2025-10-28T00:18:55.343841+00:00,BUY,1479.0,300.0,15000.0,442814.0,"Banco Brubank, Mercadopago, Uala",Leoocrypto
2025-10-28T00:18:55.343856+00:00,BUY,1479.75,101.0,8000.0,149156.0,"Banco Brubank, Lemon Cash, Mercadopago, Reba, Belo app",Totty_Criptoya
2025-10-28T00:18:55.343864+00:00,BUY,1479.87,3900.0,400000.0,5765727.0,"Mercadopago, Banco Brubank, Bank Transfer (Argentina), Banco Santander Argentina, Naranja X",_iCrypto23_
2025-10-28T00:18:55.343873+00:00,BUY,1480.0,970.85,200000.0,1433990.0,"Mercadopago, Uala, Banco Brubank, Lemon Cash",Gabi966
2025-10-28T00:18:55.343881+00:00,BUY,1480.0,720.68,100000.0,1064477.0,"Bank Transfer (Argentina), Banco Brubank, Lemon Cash",Vanka
2025-10-28T00:18:55.343889+00:00,BUY,1480.0,101.0,99999.0,100000.0,"Mercadopago, Banco Brubank",pablobtc
2025-10-28T00:23:55.938511+00:00,SELL,1500.01,10000.0,1960.0,15000100.0,Banco Santander Argentina,Pentagoo_UY
2025-10-28T00:23:55.938557+00:00,SELL,1475.6,144.41,100000.0,213091.0,"Mercadopago, Naranja X, Bank Transfer (Argentina), Banco Brubank",iPetraStore
2025-10-28T00:23:55.938580+00:00,SELL,1475.57,964.31,100000.0,1422906.0,"Lemon Cash, Mercadopago, Uala, Naranja X",rjrmcrypto23
2025-10-28T00:23:55.938589+00:00,SELL,1475.3,2850.26,200000.0,4202000.0,"Mercadopago, Naranja X, Fiwind, Bank Transfer (Argentina)",Cambios_Donsatur
2025-10-28T00:23:55.938597+00:00,SELL,1475.06,1380.31,700000.0,2036040.0,Lemon Cash,Latocrip
2025-10-28T00:23:55.938606+00:00,SELL,1475.05,1203.0,600000.0,1774481.0,"Banco Brubank, Uala, Bank Transfer (Argentina), Lemon Cash, Mercadopago",cryptoMarket_000
2025-10-28T00:23:55.938614+00:00,SELL,1475.0,42528.08,1000000.0,19500000.0,"Lemon Cash, Mercadopago, Belo app",EQRCrypto
2025-10-28T00:23:55.938622+00:00,SELL,1475.0,852.86,300000.0,1257968.0,"Banco Brubank, Bank Transfer (Argentina), Mercadopago, Lemon Cash, Naranja X",lordnestt
2025-10-28T00:23:55.938629+00:00,SELL,1474.9,4700.0,1000000.0,6932030.0,Mercadopago,Iseco1995
2025-10-28T00:23:55.938639+00:00,SELL,1474.8,550.05,300000.0,811213.0,"Lemon Cash, Mercadopago, Banco Brubank, Naranja X, Uala",Mauri muchos Dolares
2025-10-28T00:23:55.938647+00:00,SELL,1474.7,5994.0,700000.0,8839351.0,Mercadopago,FuriaLuminosa
2025-10-28T00:23:55.938654+00:00,SELL,1474.54,17.19,10000.0,25347.0,Lemon Cash,exe07
2025-10-28T00:23:55.938663+00:00,SELL,1474.54,143.07,7840.0,50000.0,"Bank Transfer (Argentina), Lemon Cash, Mercadopago, Naranja X, Banco Brubank",La_abuelita_cripto
2025-10-28T00:23:55.938671+00:00,SELL,1474.5,4477.42,500000.0,4000000.0,"Mercadopago, Banco Brubank, Banco Santander Argentina, Bank Transfer (Argentina)",Paramahanssa
2025-10-28T00:23:55.938680+00:00,SELL,1474.45,1729.17,200000.0,2549574.0,"Lemon Cash, Banco Brubank, Belo app, Mercadopago, Uala",Romanriveiro
2025-10-28T00:23:55.938689+00:00,SELL,1474.4,337.6,100000.0,497757.0,"Lemon Cash, Mercadopago, Bank Transfer (Argentina), Banco Brubank",Reymoney
2025-10-28T00:23:55.938698+00:00,SELL,1474.31,344.0,100000.0,507162.0,"Lemon Cash, Mercadopago, Naranja X, Uala, Banco Brubank",VolumenExpress
2025-10-28T00:23:55.938706+00:00,SELL,1474.1,965.0,70000.0,132000.0,"Reba, Banco Santander Argentina, Naranja X, Lemon Cash, Mercadopago",GoodDay100
2025-10-28T00:23:55.938713+00:00,SELL,1474.0,1400.0,1000000.0,2063600.0,"Banco Brubank, Bank Transfer (Argentina), Uala",vinnievinzfinanzas
2025-10-28T00:23:55.938751+00:00,SELL,1473.96,64014.51,150000.0,4500000.0,"Banco Santander Argentina, Lemon Cash, Mercadopago, Naranja X, Bank Transfer (Argentina)",--VERTICE--AR--
2025-10-28T00:23:56.382035+00:00,BUY,1477.0,196.57,7840.0,289754.0,BBVA,HijosdeAbraham
2025-10-28T00:23:56.382112+00:00,BUY,1477.0,250.0,249999.0,250000.0,Naranja X,TEOCOINS
2025-10-28T00:23:56.382166+00:00,BUY,1477.22,10.99,7840.0,16202.0,"Bank Transfer (Argentina), Banco Brubank, Uala, Naranja X, Banco Santander Argentina",CriptoNabis
2025-10-28T00:23:56.382180+00:00,BUY,1477.24,101.03,50000.0,148947.0,"Banco Brubank, Mercadopago, Lemon Cash, Naranja X, Belo app",mw-project
2025-10-28T00:23:56.382190+00:00,BUY,1477.25,173.0,255000.0,255054.0,"Naranja X, Mercadopago, Lemon Cash",mpap2p
2025-10-28T00:23:56.382199+00:00,BUY,1477.3,100.0,10000.0,130000.0,Lemon Cash,exe07
2025-10-28T00:23:56.382208+00:00,BUY,1477.3,61.56,8000.0,90761.0,"Banco Brubank, Naranja X, Lemon Cash",CyptoFabi
2025-10-28T00:23:56.382218+00:00,BUY,1477.5,40.56,7840.0,59807.0,"Lemon Cash, Mercadopago, Naranja X, Bank Transfer (Argentina), Banco Brubank",matcaraballo
2025-10-28T00:23:56.382228+00:00,BUY,1477.6,146.99,8000.0,216758.0,"Mercadopago, Bank Transfer (Argentina), Banco Brubank, Uala, Reba",DaroFast
2025-10-28T00:23:56.382238+00:00,BUY,1477.65,156.89,8000.0,231365.0,"Mercadopago, Naranja X, Banco Brubank, Lemon Cash, Prex",Mar_azul25
2025-10-28T00:23:56.382269+00:00,BUY,1477.99,132.01,8000.0,194720.0,"Mercadopago, Lemon Cash, Banco Brubank, Uala, Bank Transfer",BWR-cambioCRYPTO
2025-10-28T00:23:56.382279+00:00,BUY,1478.0,99.86,75000.0,147298.0,"Mercadopago, Uala, Naranja X",P2P-70e3dfif
2025-10-28T00:23:56.382288+00:00,BUY,1478.0,1347.43,25000.0,1987526.0,"Uala, Naranja X, Banco Brubank",Romanzoncripto
2025-10-28T00:23:56.382297+00:00,BUY,1478.5,709.72,100000.0,1047226.0,"Banco Brubank, Bank Transfer (Argentina), Lemon Cash, Uala",Lebronjames6
2025-10-28T00:23:56.382305+00:00,BUY,1479.0,161.04,15000.0,237702.0,Fiwind,Gasti96
2025-10-28T00:23:56.382313+00:00,BUY,1479.0,300.0,15000.0,442814.0,"Banco Brubank, Mercadopago, Uala",Leoocrypto
2025-10-28T00:23:56.382321+00:00,BUY,1479.75,101.0,8000.0,149156.0,"Banco Brubank, Lemon Cash, Mercadopago, Reba, Belo app",Totty_Criptoya
2025-10-28T00:23:56.382330+00:00,BUY,1480.0,970.85,200000.0,1433990.0,"Mercadopago, Uala, Banco Brubank, Lemon Cash",Gabi966
2025-10-28T00:23:56.382338+00:00,BUY,1480.0,720.68,100000.0,1064477.0,"Bank Transfer (Argentina), Banco Brubank, Lemon Cash",Vanka
2025-10-28T00:23:56.382347+00:00,BUY,1480.0,101.0,99999.0,100000.0,"Mercadopago, Banco Brubank",pablobtc
2025-10-28T00:28:57.036274+00:00,SELL,1500.01,10000.0,1960.0,15000100.0,Banco Santander Argentina,Pentagoo_UY
2025-10-28T00:28:57.036320+00:00,SELL,1476.0,133.01,196000.0,196322.0,"Mercadopago, Lemon Cash, Bank Transfer (Argentina), Uala, Banco Brubank",cryptoMarket_000
2025-10-28T00:28:57.036331+00:00,SELL,1476.0,813.82,100000.0,1201191.0,"Lemon Cash, Mercadopago, Uala, Naranja X",rjrmcrypto23
2025-10-28T00:28:57.036340+00:00,SELL,1475.6,144.41,100000.0,213091.0,"Mercadopago, Naranja X, Bank Transfer (Argentina), Banco Brubank",iPetraStore
2025-10-28T00:28:57.036348+00:00,SELL,1475.57,254.79,100000.0,375960.0,"Mercadopago, Banco Brubank, Bank Transfer (Argentina), Lemon Cash, Naranja X",facuskrill_argentina
2025-10-28T00:28:57.036357+00:00,SELL,1475.3,2850.26,200000.0,4202000.0,"Mercadopago, Naranja X, Fiwind, Bank Transfer (Argentina)",Cambios_Donsatur
2025-10-28T00:28:57.036366+00:00,SELL,1475.1,2503.55,500000.0,3692986.0,"Bank Transfer (Argentina), Banco Santander Argentina, Banco Brubank, Mercadopago",Paramahanssa
2025-10-28T00:28:57.036374+00:00,SELL,1475.06,1380.31,700000.0,2036040.0,Lemon Cash,Latocrip
2025-10-28T00:28:57.036382+00:00,SELL,1475.0,42528.08,1000000.0,19500000.0,"Lemon Cash, Mercadopago, Belo app",EQRCrypto
2025-10-28T00:28:57.036392+00:00,SELL,1475.0,1900.0,170000.0,950000.0,"Belo app, Naranja X, Lemon Cash, Mercadopago, Bank Transfer (Argentina)",vanesafodor
2025-10-28T00:28:57.036400+00:00,SELL,1474.9,4700.0,1000000.0,6932030.0,Mercadopago,Iseco1995
2025-10-28T00:28:57.036408+00:00,SELL,1474.8,550.05,300000.0,811213.0,"Lemon Cash, Mercadopago, Banco Brubank, Naranja X, Uala",Mauri muchos Dolares
2025-10-28T00:28:57.036416+00:00,SELL,1474.7,5994.0,700000.0,8839351.0,Mercadopago,FuriaLuminosa
2025-10-28T00:28:57.036424+00:00,SELL,1474.55,100.0,10000.0,110000.0,Lemon Cash,exe07
2025-10-28T00:28:57.036432+00:00,SELL,1474.54,137.65,7840.0,50000.0,"Bank Transfer (Argentina), Lemon Cash, Mercadopago, Naranja X, Banco Brubank",La_abuelita_cripto
2025-10-28T00:28:57.036441+00:00,SELL,1474.45,2070.0,200000.0,3052111.0,"Lemon Cash, Banco Brubank, Belo app, Mercadopago, Uala",Romanriveiro
2025-10-28T00:28:57.036449+00:00,SELL,1474.31,270.75,100000.0,399169.0,"Lemon Cash, Mercadopago, Naranja X, Uala, Banco Brubank",VolumenExpress
2025-10-28T00:28:57.036458+00:00,SELL,1474.1,915.75,70000.0,132000.0,"Reba, Banco Santander Argentina, Naranja X, Lemon Cash, Mercadopago",GoodDay100
2025-10-28T00:28:57.036465+00:00,SELL,1474.0,1400.0,1000000.0,2063600.0,"Banco Brubank, Bank Transfer (Argentina), Uala",vinnievinzfinanzas
2025-10-28T00:28:57.036477+00:00,SELL,1473.96,64014.51,150000.0,4500000.0,"Banco Santander Argentina, Lemon Cash, Mercadopago, Naranja X, Bank Transfer (Argentina)",--VERTICE--AR--
2025-10-28T00:28:57.463652+00:00,BUY,1477.0,196.57,7840.0,289754.0,BBVA,HijosdeAbraham
2025-10-28T00:28:57.463703+00:00,BUY,1477.0,250.0,249999.0,250000.0,Naranja X,TEOCOINS
2025-10-28T00:28:57.463714+00:00,BUY,1477.25,173.0,255000.0,255054.0,"Naranja X, Mercadopago, Lemon Cash",mpap2p
2025-10-28T00:28:57.463723+00:00,BUY,1477.5,40.56,7840.0,59807.0,"Lemon Cash, Mercadopago, Naranja X, Bank Transfer (Argentina), Banco Brubank",matcaraballo
2025-10-28T00:28:57.463733+00:00,BUY,1477.6,146.99,8000.0,216758.0,"Mercadopago, Bank Transfer (Argentina), Banco Brubank, Uala, Reba",DaroFast
2025-10-28T00:28:57.463743+00:00,BUY,1477.65,156.89,8000.0,231365.0,"Mercadopago, Naranja X, Banco Brubank, Lemon Cash, Prex",Mar_azul25
2025-10-28T00:28:57.463752+00:00,BUY,1477.99,132.01,8000.0,194720.0,"Mercadopago, Lemon Cash, Banco Brubank, Uala, Bank Transfer",BWR-cambioCRYPTO
2025-10-28T00:28:57.463760+00:00,BUY,1478.0,99.86,75000.0,147298.0,"Mercadopago, Uala, Naranja X",P2P-70e3dfif
2025-10-28T00:28:57.463768+00:00,BUY,1478.0,1347.43,25000.0,1987526.0,"Uala, Naranja X, Banco Brubank",Romanzoncripto
2025-10-28T00:28:57.463776+00:00,BUY,1478.5,709.72,100000.0,1047226.0,"Banco Brubank, Bank Transfer (Argentina), Lemon Cash, Uala",Lebronjames6
2025-10-28T00:28:57.463784+00:00,BUY,1479.0,161.04,15000.0,237702.0,Fiwind,Gasti96
2025-10-28T00:28:57.463794+00:00,BUY,1479.0,300.0,15000.0,442814.0,"Banco Brubank, Mercadopago, Uala",Leoocrypto
2025-10-28T00:28:57.463802+00:00,BUY,1479.95,101.0,8000.0,149176.0,"Banco Brubank, Lemon Cash, Mercadopago, Reba, Belo app",Totty_Criptoya
2025-10-28T00:28:57.463811+00:00,BUY,1480.0,970.85,200000.0,1433990.0,"Mercadopago, Uala, Banco Brubank, Lemon Cash",Gabi966
2025-10-28T00:28:57.463819+00:00,BUY,1480.0,720.68,100000.0,1064477.0,"Bank Transfer (Argentina), Banco Brubank, Lemon Cash",Vanka
2025-10-28T00:28:57.463827+00:00,BUY,1480.0,101.0,99999.0,100000.0,"Mercadopago, Banco Brubank",pablobtc
2025-10-28T00:28:57.463836+00:00,BUY,1480.0,286.45,20000.0,300000.0,"Naranja X, Mercadopago, Lemon Cash",chechamar74
2025-10-28T00:28:57.463845+00:00,BUY,1480.0,100.0,147000.0,147704.0,"BBVA, Mercadopago, Uala",PANDACBA
2025-10-28T00:28:57.463853+00:00,BUY,1480.0,520.78,200000.0,769215.0,"Banco Brubank, Mercadopago, Lemon Cash",Pepecryptos
2025-10-28T00:28:57.463931+00:00,BUY,1480.0,619.28,300000.0,914704.0,Bank Transfer (Argentina),Dayacortez
2025-10-28T00:33:58.149135+00:00,SELL,1500.01,10000.0,1960.0,15000100.0,Banco Santander Argentina,Pentagoo_UY
2025-10-28T00:33:58.149182+00:00,SELL,1477.0,550.05,300000.0,812423.0,"Lemon Cash, Mercadopago, Banco Brubank, Naranja X, Uala",Mauri muchos Dolares
2025-10-28T00:33:58.149192+00:00,SELL,1475.6,144.41,100000.0,213091.0,"Mercadopago, Naranja X, Bank Transfer (Argentina), Banco Brubank",iPetraStore
2025-10-28T00:33:58.149201+00:00,SELL,1475.57,254.79,100000.0,375960.0,"Mercadopago, Banco Brubank, Bank Transfer (Argentina), Lemon Cash, Naranja X",facuskrill_argentina
2025-10-28T00:33:58.149209+00:00,SELL,1475.3,2385.46,700000.0,3519269.0,Mercadopago,FuriaLuminosa
2025-10-28T00:33:58.149216+00:00,SELL,1475.16,100.0,10000.0,110000.0,Lemon Cash,exe07
2025-10-28T00:33:58.149223+00:00,SELL,1475.15,700.0,10000.0,1032605.0,"Lemon Cash, Banco Brubank, Naranja X",gapicc
2025-10-28T00:33:58.149231+00:00,SELL,1475.1,1034.96,500000.0,1526669.0,"Bank Transfer (Argentina), Banco Santander Argentina, Banco Brubank, Mercadopago",Paramahanssa
2025-10-28T00:33:58.149240+00:00,SELL,1475.1,3000.0,500000.0,4425300.0,"Uala, Naranja X, Mercadopago, Belo app, Banco Brubank",CRIPTOSLÊANDRØ
2025-10-28T00:33:58.149248+00:00,SELL,1475.06,1380.31,700000.0,2036040.0,Lemon Cash,Latocrip
2025-10-28T00:33:58.149256+00:00,SELL,1475.0,42528.08,1000000.0,19500000.0,"Lemon Cash, Mercadopago, Belo app",EQRCrypto
2025-10-28T00:33:58.149266+00:00,SELL,1475.0,769.79,170000.0,950000.0,"Belo app, Naranja X, Lemon Cash, Mercadopago, Bank Transfer (Argentina)",vanesafodor
2025-10-28T00:33:58.149279+00:00,SELL,1475.0,43.86,7840.0,50000.0,"Bank Transfer (Argentina), Lemon Cash, Mercadopago, Naranja X, Banco Brubank",La_abuelita_cripto
2025-10-28T00:33:58.149288+00:00,SELL,1474.9,7000.0,1000000.0,10324300.0,Mercadopago,Iseco1995
2025-10-28T00:33:58.149297+00:00,SELL,1474.55,717.54,7840.0,1058047.0,"Mercadopago, Naranja X, Lemon Cash, Bank Transfer (Argentina), Banco Brubank",matcaraballo
2025-10-28T00:33:58.149306+00:00,SELL,1474.5,272.0,50000.0,400000.0,"Mercadopago, Naranja X",Gio_cripto0610
2025-10-28T00:33:58.149315+00:00,SELL,1474.4,332.2,100000.0,489795.0,"Lemon Cash, Mercadopago, Bank Transfer (Argentina), Banco Brubank",Reymoney
2025-10-28T00:33:58.149323+00:00,SELL,1474.31,196.14,100000.0,289171.0,"Lemon Cash, Mercadopago, Naranja X, Uala, Banco Brubank",VolumenExpress
2025-10-28T00:33:58.149332+00:00,SELL,1474.0,1400.0,1000000.0,2063600.0,"Banco Brubank, Bank Transfer (Argentina), Uala",vinnievinzfinanzas
2025-10-28T00:33:58.149340+00:00,SELL,1473.96,64014.51,150000.0,4500000.0,"Banco Santander Argentina, Lemon Cash, Mercadopago, Naranja X, Bank Transfer (Argentina)",--VERTICE--AR--
2025-10-28T00:33:58.663052+00:00,BUY,1476.99,118.45,8000.0,174600.0,"Mercadopago, Lemon Cash, Banco Brubank, Uala, Bank Transfer",BWR-cambioCRYPTO
2025-10-28T00:33:58.663098+00:00,BUY,1477.0,196.57,7840.0,289754.0,BBVA,HijosdeAbraham
2025-10-28T00:33:58.663109+00:00,BUY,1477.0,250.0,249999.0,250000.0,"Banco Brubank, Banco del Sol, Reba, Uala, Naranja X",TEOCOINS
2025-10-28T00:33:58.663159+00:00,BUY,1477.25,173.0,255000.0,255054.0,"Naranja X, Mercadopago, Lemon Cash",mpap2p
2025-10-28T00:33:58.663189+00:00,BUY,1477.5,40.56,7840.0,59807.0,"Lemon Cash, Mercadopago, Naranja X, Bank Transfer (Argentina), Banco Brubank",matcaraballo
2025-10-28T00:33:58.663199+00:00,BUY,1477.6,146.99,8000.0,216758.0,"Mercadopago, Bank Transfer (Argentina), Banco Brubank, Uala, Reba",DaroFast
2025-10-28T00:33:58.663207+00:00,BUY,1477.65,156.89,8000.0,231365.0,"Mercadopago, Naranja X, Banco Brubank, Lemon Cash, Prex",Mar_azul25
2025-10-28T00:33:58.663216+00:00,BUY,1477.98,665.16,50000.0,400000.0,"Mercadopago, Banco Brubank, Lemon Cash",DelPlata_Cripto
2025-10-28T00:33:58.663225+00:00,BUY,1478.0,99.86,75000.0,147298.0,"Mercadopago, Uala, Naranja X",P2P-70e3dfif
2025-10-28T00:33:58.663235+00:00,BUY,1478.5,709.72,100000.0,1047226.0,"Banco Brubank, Bank Transfer (Argentina), Lemon Cash, Uala",Lebronjames6
2025-10-28T00:33:58.663242+00:00,BUY,1479.0,161.04,15000.0,237702.0,Fiwind,Gasti96
2025-10-28T00:33:58.663250+00:00,BUY,1479.0,300.0,15000.0,442814.0,"Banco Brubank, Mercadopago, Uala",Leoocrypto
2025-10-28T00:33:58.663277+00:00,BUY,1479.95,101.0,8000.0,149176.0,"Banco Brubank, Lemon Cash, Mercadopago, Reba, Belo app",Totty_Criptoya
2025-10-28T00:33:58.663286+00:00,BUY,1480.0,970.85,200000.0,1433990.0,"Mercadopago, Uala, Banco Brubank, Lemon Cash",Gabi966
2025-10-28T00:33:58.663294+00:00,BUY,1480.0,720.68,100000.0,1064477.0,"Bank Transfer (Argentina), Banco Brubank, Lemon Cash",Vanka
2025-10-28T00:33:58.663303+00:00,BUY,1480.0,101.0,99999.0,100000.0,"Mercadopago, Banco Brubank",pablobtc
2025-10-28T00:33:58.663311+00:00,BUY,1480.0,286.45,20000.0,300000.0,"Naranja X, Mercadopago, Lemon Cash",chechamar74
2025-10-28T00:33:58.663320+00:00,BUY,1480.0,100.0,147000.0,147704.0,"BBVA, Mercadopago, Uala",PANDACBA
2025-10-28T00:33:58.663345+00:00,BUY,1480.0,520.78,200000.0,769215.0,"Banco Brubank, Mercadopago, Lemon Cash",Pepecryptos
2025-10-28T00:33:58.663354+00:00,BUY,1480.0,619.28,300000.0,914704.0,Bank Transfer (Argentina),Dayacortez
2025-10-28T00:38:59.284477+00:00,SELL,1500.01,10000.0,1960.0,15000100.0,Banco Santander Argentina,Pentagoo_UY
2025-10-28T00:38:59.284524+00:00,SELL,1477.0,344.1,300000.0,508235.0,"Lemon Cash, Mercadopago, Banco Brubank, Naranja X, Uala",Mauri muchos Dolares
2025-10-28T00:38:59.284535+00:00,SELL,1475.3,1480.67,700000.0,2184432.0,Mercadopago,FuriaLuminosa
2025-10-28T00:38:59.284543+00:00,SELL,1475.25,677.9,1000000.0,1000071.0,"Lemon Cash, Mercadopago",Ariel28
2025-10-28T00:38:59.284551+00:00,SELL,1475.16,32.13,10000.0,47396.0,Lemon Cash,exe07
2025-10-28T00:38:59.284559+00:00,SELL,1475.15,700.0,10000.0,1032605.0,"Lemon Cash, Banco Brubank, Naranja X",gapicc
2025-10-28T00:38:59.284568+00:00,SELL,1475.15,326.47,100000.0,481592.0,"Naranja X, Mercadopago, Lemon Cash, Banco Brubank, Reba",LeymusCoin97
2025-10-28T00:38:59.284578+00:00,SELL,1475.1,3000.0,500000.0,4425300.0,"Uala, Naranja X, Mercadopago, Belo app, Banco Brubank",CRIPTOSLÊANDRØ
2025-10-28T00:38:59.284586+00:00,SELL,1475.06,1380.31,700000.0,2036040.0,Lemon Cash,Latocrip
2025-10-28T00:38:59.284598+00:00,SELL,1475.0,42528.08,1000000.0,19500000.0,"Lemon Cash, Mercadopago, Belo app",EQRCrypto
2025-10-28T00:38:59.284606+00:00,SELL,1475.0,43.86,7840.0,50000.0,"Bank Transfer (Argentina), Lemon Cash, Mercadopago, Naranja X, Banco Brubank",La_abuelita_cripto
2025-10-28T00:38:59.284616+00:00,SELL,1475.0,1700.0,200000.0,2507500.0,"Uala, Naranja X, Lemon Cash",User-8ea84
2025-10-28T00:38:59.284623+00:00,SELL,1474.9,7000.0,1000000.0,10324300.0,Mercadopago,Iseco1995
2025-10-28T00:38:59.284632+00:00,SELL,1474.55,677.16,7840.0,998506.0,"Mercadopago, Naranja X, Lemon Cash, Bank Transfer (Argentina), Banco Brubank",matcaraballo
2025-10-28T00:38:59.284640+00:00,SELL,1474.5,272.0,50000.0,400000.0,"Mercadopago, Naranja X",Gio_cripto0610
2025-10-28T00:38:59.284648+00:00,SELL,1474.0,1400.0,1000000.0,2063600.0,"Banco Brubank, Bank Transfer (Argentina), Uala",vinnievinzfinanzas
2025-10-28T00:38:59.284657+00:00,SELL,1474.0,661.96,400000.0,975729.0,"Lemon Cash, Mercadopago, Bank Transfer (Argentina), Banco Brubank, Naranja X",CRYPTOP2PL
2025-10-28T00:38:59.284666+00:00,SELL,1473.97,6240.48,400000.0,9198280.0,"Banco Brubank, Uala, Mercadopago, Lemon Cash, Bank Transfer (Argentina)",MCPisculichi
2025-10-28T00:38:59.284674+00:00,SELL,1473.96,63886.05,150000.0,4500000.0,"Banco Santander Argentina, Lemon Cash, Mercadopago, Naranja X, Bank Transfer (Argentina)",--VERTICE--AR--
2025-10-28T00:38:59.284682+00:00,SELL,1473.8,6649.0,250000.0,9799296.0,"BBVA, Banco Brubank, Bank Transfer (Argentina), Mercadopago, Naranja X",TecnoBL
2025-10-28T00:38:59.781415+00:00,BUY,1476.99,58.11,8000.0,85656.0,"Mercadopago, Lemon Cash, Banco Brubank, Uala, Bank Transfer",BWR-cambioCRYPTO
2025-10-28T00:38:59.781463+00:00,BUY,1477.0,191.15,7840.0,281765.0,BBVA,HijosdeAbraham
2025-10-28T00:38:59.781473+00:00,BUY,1477.0,250.0,249999.0,250000.0,"Banco Brubank, Banco del Sol, Reba, Uala, Naranja X",TEOCOINS
2025-10-28T00:38:59.781482+00:00,BUY,1477.25,173.0,255000.0,255054.0,"Naranja X, Mercadopago, Lemon Cash",mpap2p
2025-10-28T00:38:59.781491+00:00,BUY,1477.5,28.37,7840.0,41833.0,"Lemon Cash, Mercadopago, Naranja X, Bank Transfer (Argentina), Banco Brubank",matcaraballo
2025-10-28T00:38:59.781501+00:00,BUY,1477.6,146.99,8000.0,216758.0,"Mercadopago, Bank Transfer (Argentina), Banco Brubank, Uala, Reba",DaroFast
2025-10-28T00:38:59.781509+00:00,BUY,1477.65,156.89,8000.0,231365.0,"Mercadopago, Naranja X, Banco Brubank, Lemon Cash, Prex",Mar_azul25
2025-10-28T00:38:59.781518+00:00,BUY,1477.98,665.16,50000.0,400000.0,"Mercadopago, Banco Brubank, Lemon Cash",DelPlata_Cripto
2025-10-28T00:38:59.781527+00:00,BUY,1478.0,99.86,75000.0,147298.0,"Mercadopago, Uala, Naranja X",P2P-70e3dfif
2025-10-28T00:38:59.781535+00:00,BUY,1478.5,709.72,100000.0,1047226.0,"Banco Brubank, Bank Transfer (Argentina), Lemon Cash, Uala",Lebronjames6
2025-10-28T00:38:59.781543+00:00,BUY,1479.0,161.04,15000.0,237702.0,Fiwind,Gasti96
2025-10-28T00:38:59.781552+00:00,BUY,1479.0,300.0,15000.0,442814.0,"Banco Brubank, Mercadopago, Uala",Leoocrypto
2025-10-28T00:38:59.781564+00:00,BUY,1479.87,3900.0,400000.0,5765727.0,"Mercadopago, Banco Brubank, Bank Transfer (Argentina), Banco Santander Argentina, Naranja X",_iCrypto23_
2025-10-28T00:38:59.781574+00:00,BUY,1479.95,101.0,8000.0,149176.0,"Banco Brubank, Lemon Cash, Mercadopago, Reba, Belo app",Totty_Criptoya
2025-10-28T00:38:59.781582+00:00,BUY,1480.0,970.85,200000.0,1433990.0,"Mercadopago, Uala, Banco Brubank, Lemon Cash",Gabi966
2025-10-28T00:38:59.781591+00:00,BUY,1480.0,720.68,100000.0,1064477.0,"Bank Transfer (Argentina), Banco Brubank, Lemon Cash",Vanka
2025-10-28T00:38:59.781600+00:00,BUY,1480.0,101.0,99999.0,100000.0,"Mercadopago, Banco Brubank",pablobtc
2025-10-28T00:38:59.781650+00:00,BUY,1480.0,286.45,20000.0,300000.0,"Naranja X, Mercadopago, Lemon Cash",chechamar74
2025-10-28T00:38:59.781660+00:00,BUY,1480.0,100.0,147000.0,147704.0,"BBVA, Mercadopago, Uala",PANDACBA
2025-10-28T00:38:59.781668+00:00,BUY,1480.0,520.78,200000.0,769215.0,"Banco Brubank, Mercadopago, Lemon Cash",Pepecryptos
2025-10-28T00:44:01.575184+00:00,SELL,1500.01,10000.0,1960.0,15000100.0,Banco Santander Argentina,Pentagoo_UY
2025-10-28T00:44:01.575261+00:00,SELL,1476.0,140.99,207000.0,208101.0,"Lemon Cash, Mercadopago, Banco Brubank, Naranja X, Uala",Mauri muchos Dolares
2025-10-28T00:44:01.575286+00:00,SELL,1475.31,3020.0,500000.0,4455436.0,"Uala, Lemon Cash, Mercadopago, Bank Transfer (Argentina), Naranja X",Ivan_33
2025-10-28T00:44:01.575307+00:00,SELL,1475.3,3000.0,500000.0,4425900.0,"Uala, Naranja X, Mercadopago, Belo app, Banco Brubank",CRIPTOSLÊANDRØ
2025-10-28T00:44:01.575327+00:00,SELL,1475.25,677.9,1000000.0,1000071.0,"Lemon Cash, Mercadopago",Ariel28
2025-10-28T00:44:01.575343+00:00,SELL,1475.15,700.0,10000.0,1032605.0,"Lemon Cash, Banco Brubank, Naranja X",gapicc
2025-10-28T00:44:01.575364+00:00,SELL,1475.0,12.91,7840.0,19042.0,"Bank Transfer (Argentina), Lemon Cash, Mercadopago, Naranja X, Banco Brubank",La_abuelita_cripto
2025-10-28T00:44:01.575383+00:00,SELL,1475.0,1700.0,200000.0,2507500.0,"Uala, Naranja X, Lemon Cash",User-8ea84
2025-10-28T00:44:01.575403+00:00,SELL,1475.0,700.0,300000.0,1032500.0,"Banco Brubank, Bank Transfer (Argentina), Mercadopago, Lemon Cash, Naranja X",lordnestt
2025-10-28T00:44:01.575425+00:00,SELL,1474.55,591.7,7840.0,872491.0,"Mercadopago, Naranja X, Lemon Cash, Bank Transfer (Argentina), Banco Brubank",matcaraballo
2025-10-28T00:44:01.575446+00:00,SELL,1474.5,272.0,50000.0,400000.0,"Mercadopago, Naranja X",Gio_cripto0610
2025-10-28T00:44:01.575464+00:00,SELL,1474.19,1426.05,400000.0,2102268.0,"Uala, Banco Brubank, Bank Transfer (Argentina), Mercadopago, Banco Santander Argentina",_iCrypto23_
2025-10-28T00:44:01.575480+00:00,SELL,1474.06,1380.31,700000.0,2034659.0,Lemon Cash,Latocrip
2025-10-28T00:44:01.575510+00:00,SELL,1474.0,1400.0,1000000.0,2063600.0,"Banco Brubank, Bank Transfer (Argentina), Uala",vinnievinzfinanzas
2025-10-28T00:44:01.575547+00:00,SELL,1474.0,661.96,400000.0,975729.0,"Lemon Cash, Mercadopago, Bank Transfer (Argentina), Banco Brubank, Naranja X",CRYPTOP2PL
2025-10-28T00:44:01.575581+00:00,SELL,1474.0,7000.0,1000000.0,10318000.0,Mercadopago,Iseco1995
2025-10-28T00:44:01.575601+00:00,SELL,1473.97,6240.48,400000.0,9198280.0,"Banco Brubank, Uala, Mercadopago, Lemon Cash, Bank Transfer (Argentina)",MCPisculichi
2025-10-28T00:44:01.575673+00:00,SELL,1473.96,63886.05,150000.0,4500000.0,"Banco Santander Argentina, Lemon Cash, Mercadopago, Naranja X, Bank Transfer (Argentina)",--VERTICE--AR--
2025-10-28T00:44:01.575695+00:00,SELL,1473.8,6649.0,250000.0,9799296.0,"BBVA, Banco Brubank, Bank Transfer (Argentina), Mercadopago, Naranja X",TecnoBL
2025-10-28T00:44:01.575719+00:00,SELL,1473.51,2100.05,800000.0,3094444.0,Lemon Cash,DarkHold_
2025-10-28T00:44:02.032548+00:00,BUY,1476.99,58.11,8000.0,85656.0,"Mercadopago, Lemon Cash, Banco Brubank, Uala, Bank Transfer",BWR-cambioCRYPTO
2025-10-28T00:44:02.032595+00:00,BUY,1476.99,105.33,30000.0,155260.0,Mercadopago,ecufinance160915
2025-10-28T00:44:02.032605+00:00,BUY,1477.0,191.15,7840.0,281765.0,BBVA,HijosdeAbraham
2025-10-28T00:44:02.032613+00:00,BUY,1477.25,173.0,255000.0,255054.0,"Naranja X, Mercadopago, Lemon Cash",mpap2p
2025-10-28T00:44:02.032621+00:00,BUY,1477.5,28.37,7840.0,41833.0,"Lemon Cash, Mercadopago, Naranja X, Bank Transfer (Argentina), Banco Brubank",matcaraballo
2025-10-28T00:44:02.032629+00:00,BUY,1477.59,120.0,10000.0,150000.0,Lemon Cash,exe07
2025-10-28T00:44:02.032642+00:00,BUY,1477.6,140.22,8000.0,206775.0,"Mercadopago, Bank Transfer (Argentina), Banco Brubank, Uala, Reba",DaroFast
2025-10-28T00:44:02.032651+00:00,BUY,1477.65,150.12,8000.0,221382.0,"Mercadopago, Naranja X, Banco Brubank, Lemon Cash, Prex",Mar_azul25
2025-10-28T00:44:02.032659+00:00,BUY,1477.98,665.16,50000.0,400000.0,"Mercadopago, Banco Brubank, Lemon Cash",DelPlata_Cripto
2025-10-28T00:44:02.032668+00:00,BUY,1478.0,99.86,75000.0,147298.0,"Mercadopago, Uala, Naranja X",P2P-70e3dfif
2025-10-28T00:44:02.032677+00:00,BUY,1479.0,161.04,15000.0,237702.0,Fiwind,Gasti96
2025-10-28T00:44:02.032691+00:00,BUY,1479.0,300.0,15000.0,442814.0,"Banco Brubank, Mercadopago, Uala",Leoocrypto
2025-10-28T00:44:02.032702+00:00,BUY,1479.0,961.53,25000.0,1419264.0,"Mercadopago, Uala, Naranja X, Banco Brubank",Romanzoncripto
2025-10-28T00:44:02.032711+00:00,BUY,1479.0,453.89,100000.0,669963.0,"Bank Transfer (Argentina), Mercadopago, Lemon Cash, Banco Brubank, Naranja X",facuskrill_argentina
2025-10-28T00:44:02.032720+00:00,BUY,1479.8,6013.33,2000000.0,8886085.0,"Mercadopago, Lemon Cash, Uala",CryptoContador97
2025-10-28T00:44:02.032729+00:00,BUY,1479.8,22324.72,1000000.0,19600000.0,"Lemon Cash, Naranja X, Bank Transfer (Argentina), Uala, Banco Brubank",TURRAKAcrypto
2025-10-28T00:44:02.032738+00:00,BUY,1479.8,10116.51,1000000.0,14946497.0,"Mercadopago, Bank Transfer (Argentina), Lemon Cash, Naranja X, Prex",CRIPTOGACHO
2025-10-28T00:44:02.032747+00:00,BUY,1479.95,101.0,8000.0,149176.0,"Banco Brubank, Lemon Cash, Mercadopago, Reba, Belo app",Totty_Criptoya
2025-10-28T00:44:02.032755+00:00,BUY,1480.0,970.85,200000.0,1433990.0,"Mercadopago, Uala, Banco Brubank, Lemon Cash",Gabi966
2025-10-28T00:44:02.032763+00:00,BUY,1480.0,720.68,100000.0,1064477.0,"Bank Transfer (Argentina), Banco Brubank, Lemon Cash",Vanka
2025-10-28T00:49:02.674536+00:00,SELL,1500.01,10000.0,1960.0,15000100.0,Banco Santander Argentina,Pentagoo_UY
2025-10-28T00:49:02.674587+00:00,SELL,1476.0,140.99,207000.0,208101.0,"Lemon Cash, Mercadopago, Banco Brubank, Naranja X, Uala",Mauri muchos Dolares
2025-10-28T00:49:02.674599+00:00,SELL,1475.31,3020.0,500000.0,4455436.0,"Uala, Lemon Cash, Mercadopago, Bank Transfer (Argentina), Naranja X",Ivan_33
2025-10-28T00:49:02.674608+00:00,SELL,1475.3,3000.0,500000.0,4425900.0,"Uala, Naranja X, Mercadopago, Belo app, Banco Brubank",CRIPTOSLÊANDRØ
2025-10-28T00:49:02.674616+00:00,SELL,1475.0,12.91,7840.0,19042.0,"Bank Transfer (Argentina), Lemon Cash, Mercadopago, Naranja X, Banco Brubank",La_abuelita_cripto
2025-10-28T00:49:02.674625+00:00,SELL,1475.0,1144.9,200000.0,1688727.0,"Uala, Naranja X, Lemon Cash",User-8ea84
2025-10-28T00:49:02.674633+00:00,SELL,1474.55,591.7,7840.0,872491.0,"Mercadopago, Naranja X, Lemon Cash, Bank Transfer (Argentina), Banco Brubank",matcaraballo
2025-10-28T00:49:02.674641+00:00,SELL,1474.5,272.0,50000.0,400000.0,"Mercadopago, Naranja X",Gio_cripto0610
2025-10-28T00:49:02.674650+00:00,SELL,1474.2,1900.0,500000.0,2800980.0,"Mercadopago, Fiwind, Lemon Cash, Naranja X, Bank Transfer (Argentina)",MarianoSebastian
2025-10-28T00:49:02.674658+00:00,SELL,1474.2,6780.0,1000000.0,9995076.0,Mercadopago,Iseco1995
2025-10-28T00:49:02.674666+00:00,SELL,1474.19,3147.77,400000.0,4640411.0,"Uala, Banco Brubank, Bank Transfer (Argentina), Mercadopago, Banco Santander Argentina",_iCrypto23_
2025-10-28T00:49:02.674673+00:00,SELL,1474.06,1380.31,700000.0,2034659.0,Lemon Cash,Latocrip
2025-10-28T00:49:02.674681+00:00,SELL,1474.0,1400.0,1000000.0,2063600.0,"Banco Brubank, Bank Transfer (Argentina), Uala",vinnievinzfinanzas
2025-10-28T00:49:02.674690+00:00,SELL,1474.0,661.96,400000.0,975729.0,"Lemon Cash, Mercadopago, Bank Transfer (Argentina), Banco Brubank, Naranja X",CRYPTOP2PL
2025-10-28T00:49:02.674698+00:00,SELL,1474.0,197.55,100000.0,291188.0,Lemon Cash,LinceX
2025-10-28T00:49:02.674707+00:00,SELL,1473.97,6240.48,400000.0,9198280.0,"Banco Brubank, Uala, Mercadopago, Lemon Cash, Bank Transfer (Argentina)",MCPisculichi
2025-10-28T00:49:02.674759+00:00,SELL,1473.8,6649.0,250000.0,9799296.0,"BBVA, Banco Brubank, Bank Transfer (Argentina), Mercadopago, Naranja X",TecnoBL
2025-10-28T00:49:02.674772+00:00,SELL,1473.51,2100.05,800000.0,3094444.0,Lemon Cash,DarkHold_
2025-10-28T00:49:02.674780+00:00,SELL,1473.5,2000.0,200000.0,2947000.0,"Banco Santander Argentina, BBVA, Banco Brubank, Belo app, Bank Transfer (Argentina)",la-pitu
2025-10-28T00:49:02.674789+00:00,SELL,1473.12,2982.71,100000.0,4393889.0,"Bank Transfer (Argentina), Lemon Cash, Mercadopago, Naranja X",OSO-MASHA-CRIPTO
2025-10-28T00:49:03.109888+00:00,BUY,1476.99,47.94,8000.0,70665.0,"Mercadopago, Lemon Cash, Banco Brubank, Uala, Bank Transfer",BWR-cambioCRYPTO
2025-10-28T00:49:03.109932+00:00,BUY,1476.99,84.98,30000.0,125264.0,Mercadopago,ecufinance160915
2025-10-28T00:49:03.109942+00:00,BUY,1477.0,191.15,7840.0,281765.0,BBVA,HijosdeAbraham
2025-10-28T00:49:03.109974+00:00,BUY,1477.25,173.0,255000.0,255054.0,"Naranja X, Mercadopago, Lemon Cash",mpap2p
2025-10-28T00:49:03.109983+00:00,BUY,1477.5,153.97,7840.0,227036.0,"Lemon Cash, Mercadopago, Naranja X, Bank Transfer (Argentina), Banco Brubank",matcaraballo
2025-10-28T00:49:03.109993+00:00,BUY,1477.6,140.22,8000.0,206775.0,"Mercadopago, Bank Transfer (Argentina), Banco Brubank, Uala, Reba",DaroFast
2025-10-28T00:49:03.110062+00:00,BUY,1477.65,150.12,8000.0,221382.0,"Mercadopago, Naranja X, Banco Brubank, Lemon Cash, Prex",Mar_azul25
2025-10-28T00:49:03.110073+00:00,BUY,1477.98,665.16,50000.0,400000.0,"Mercadopago, Banco Brubank, Lemon Cash",DelPlata_Cripto
2025-10-28T00:49:03.110082+00:00,BUY,1478.0,99.86,75000.0,147298.0,"Mercadopago, Uala, Naranja X",P2P-70e3dfif
2025-10-28T00:49:03.110091+00:00,BUY,1479.0,161.04,15000.0,237702.0,Fiwind,Gasti96
2025-10-28T00:49:03.110099+00:00,BUY,1479.0,300.0,15000.0,442814.0,"Banco Brubank, Mercadopago, Uala",Leoocrypto
2025-10-28T00:49:03.110107+00:00,BUY,1479.0,316.1,25000.0,466578.0,"Mercadopago, Uala, Naranja X, Banco Brubank",Romanzoncripto
2025-10-28T00:49:03.110115+00:00,BUY,1479.0,453.89,100000.0,669963.0,"Bank Transfer (Argentina), Mercadopago, Lemon Cash, Banco Brubank, Naranja X",facuskrill_argentina
2025-10-28T00:49:03.110124+00:00,BUY,1479.7,42.49,10000.0,62772.0,"Mercadopago, Uala, Lemon Cash, Bank Transfer (Argentina), Banco Brubank",Argentina-P2P
2025-10-28T00:49:03.110133+00:00,BUY,1479.77,3562.04,400000.0,5265734.0,"Mercadopago, Banco Brubank, Bank Transfer (Argentina), Banco Santander Argentina, Naranja X",_iCrypto23_
2025-10-28T00:49:03.110142+00:00,BUY,1479.8,6013.33,2000000.0,8886085.0,"Mercadopago, Lemon Cash, Uala",CryptoContador97
2025-10-28T00:49:03.110155+00:00,BUY,1479.95,101.0,8000.0,149176.0,"Banco Brubank, Lemon Cash, Mercadopago, Reba, Belo app",Totty_Criptoya
2025-10-28T00:49:03.110164+00:00,BUY,1480.0,970.85,200000.0,1433990.0,"Mercadopago, Uala, Banco Brubank, Lemon Cash",Gabi966
2025-10-28T00:49:03.110173+00:00,BUY,1480.0,720.68,100000.0,1064477.0,"Bank Transfer (Argentina), Banco Brubank, Lemon Cash",Vanka
2025-10-28T00:49:03.110180+00:00,BUY,1480.0,101.0,99999.0,100000.0,"Mercadopago, Banco Brubank",pablobtc
2025-10-28T00:54:05.118108+00:00,SELL,1500.01,10000.0,1960.0,15000100.0,Banco Santander Argentina,Pentagoo_UY
2025-10-28T00:54:05.118161+00:00,SELL,1476.0,140.99,207000.0,208101.0,"Lemon Cash, Mercadopago, Banco Brubank, Naranja X, Uala",Mauri muchos Dolares
2025-10-28T00:54:05.118172+00:00,SELL,1475.35,2850.26,200000.0,4202000.0,"Mercadopago, Naranja X, Fiwind, Bank Transfer (Argentina)",Cambios_Donsatur
2025-10-28T00:54:05.118181+00:00,SELL,1475.31,2111.72,500000.0,3115441.0,"Uala, Lemon Cash, Mercadopago, Bank Transfer (Argentina), Naranja X",Ivan_33
2025-10-28T00:54:05.118190+00:00,SELL,1475.3,3000.0,500000.0,4425900.0,"Uala, Naranja X, Mercadopago, Belo app, Banco Brubank",CRIPTOSLÊANDRØ
2025-10-28T00:54:05.118198+00:00,SELL,1475.0,1144.9,200000.0,1688727.0,"Uala, Naranja X, Lemon Cash",User-8ea84
2025-10-28T00:54:05.118206+00:00,SELL,1474.6,470.0,10000.0,693062.0,"Lemon Cash, Banco Brubank, Naranja X",gapicc
2025-10-28T00:54:05.118214+00:00,SELL,1474.55,591.7,7840.0,872491.0,"Mercadopago, Naranja X, Lemon Cash, Bank Transfer (Argentina), Banco Brubank",matcaraballo
2025-10-28T00:54:05.118221+00:00,SELL,1474.5,272.0,50000.0,400000.0,"Mercadopago, Naranja X",Gio_cripto0610
2025-10-28T00:54:05.118229+00:00,SELL,1474.28,5980.05,1000000.0,8816268.0,Mercadopago,Iseco1995
2025-10-28T00:54:05.118237+00:00,SELL,1474.27,2817.04,400000.0,4153077.0,"Uala, Banco Brubank, Bank Transfer (Argentina), Mercadopago, Banco Santander Argentina",_iCrypto23_
2025-10-28T00:54:05.118245+00:00,SELL,1474.21,661.96,400000.0,975868.0,"Naranja X, Banco Brubank, Bank Transfer (Argentina), Mercadopago, Lemon Cash",CRYPTOP2PL
2025-10-28T00:54:05.118253+00:00,SELL,1474.21,1400.06,500000.0,2063982.0,"Mercadopago, Fiwind, Lemon Cash, Naranja X, Bank Transfer (Argentina)",MarianoSebastian
2025-10-28T00:54:05.118261+00:00,SELL,1474.2,1200.1,800000.0,1769187.0,"Lemon Cash, Banco Brubank, Mercadopago, Naranja X",DarkHold_
2025-10-28T00:54:05.118269+00:00,SELL,1474.0,1400.0,1000000.0,2063600.0,"Banco Brubank, Bank Transfer (Argentina), Uala",vinnievinzfinanzas
2025-10-28T00:54:05.118276+00:00,SELL,1474.0,197.55,100000.0,291188.0,Lemon Cash,LinceX
2025-10-28T00:54:05.118283+00:00,SELL,1473.97,6240.48,400000.0,9198280.0,"Banco Brubank, Uala, Mercadopago, Lemon Cash, Bank Transfer (Argentina)",MCPisculichi
2025-10-28T00:54:05.118296+00:00,SELL,1473.8,6649.0,250000.0,9799296.0,"BBVA, Banco Brubank, Bank Transfer (Argentina), Mercadopago, Naranja X",TecnoBL
2025-10-28T00:54:05.118305+00:00,SELL,1473.5,2000.0,200000.0,2947000.0,"Banco Santander Argentina, BBVA, Banco Brubank, Belo app, Bank Transfer (Argentina)",la-pitu
2025-10-28T00:54:05.118313+00:00,SELL,1473.5,1231.62,200000.0,1814792.0,"Lemon Cash, Banco Brubank, Belo app, Mercadopago, Uala",Romanriveiro
2025-10-28T00:54:05.565212+00:00,BUY,1476.7,140.22,8000.0,206649.0,"Mercadopago, Bank Transfer (Argentina), Banco Brubank, Uala, Reba",DaroFast
2025-10-28T00:54:05.565255+00:00,BUY,1476.99,36.99,8000.0,54524.0,"Mercadopago, Lemon Cash, Banco Brubank, Uala, Bank Transfer",BWR-cambioCRYPTO
2025-10-28T00:54:05.565265+00:00,BUY,1476.99,84.98,30000.0,125264.0,Mercadopago,ecufinance160915
2025-10-28T00:54:05.565272+00:00,BUY,1476.99,100.0,10000.0,130000.0,Lemon Cash,exe07
2025-10-28T00:54:05.565279+00:00,BUY,1477.0,191.15,7840.0,281765.0,BBVA,HijosdeAbraham
2025-10-28T00:54:05.565287+00:00,BUY,1477.25,173.0,255000.0,255054.0,"Naranja X, Mercadopago, Lemon Cash",mpap2p
2025-10-28T00:54:05.565295+00:00,BUY,1477.5,140.42,7840.0,207056.0,"Lemon Cash, Mercadopago, Naranja X, Bank Transfer (Argentina), Banco Brubank",matcaraballo
2025-10-28T00:54:05.565304+00:00,BUY,1477.65,150.12,8000.0,221382.0,"Mercadopago, Naranja X, Banco Brubank, Lemon Cash, Prex",Mar_azul25
2025-10-28T00:54:05.565315+00:00,BUY,1478.0,99.86,75000.0,147298.0,"Mercadopago, Uala, Naranja X",P2P-70e3dfif
2025-10-28T00:54:05.565328+00:00,BUY,1479.0,161.04,15000.0,237702.0,Fiwind,Gasti96
2025-10-28T00:54:05.565336+00:00,BUY,1479.0,300.0,15000.0,442814.0,"Banco Brubank, Mercadopago, Uala",Leoocrypto
2025-10-28T00:54:05.565344+00:00,BUY,1479.0,453.89,100000.0,669963.0,"Bank Transfer (Argentina), Mercadopago, Lemon Cash, Banco Brubank, Naranja X",facuskrill_argentina
2025-10-28T00:54:05.565352+00:00,BUY,1479.0,316.1,460000.0,466578.0,"Mercadopago, Uala, Naranja X, Banco Brubank",Romanzoncripto
2025-10-28T00:54:05.565378+00:00,BUY,1479.0,80000.0,4000000.0,19600000.0,"Lemon Cash, Mercadopago, Naranja X",Eternal_Crypto
2025-10-28T00:54:05.565387+00:00,BUY,1479.33,598.29,12000.0,883654.0,"BBVA, Bank Transfer (Argentina)",777Kovmanovsky_P2P
2025-10-28T00:54:05.565396+00:00,BUY,1479.48,191.09,50000.0,282318.0,"Mercadopago, Banco Brubank, Lemon Cash, Bank Transfer (Argentina), Naranja X",Cassius_Clay
2025-10-28T00:54:05.565404+00:00,BUY,1479.49,4456.58,2000000.0,6584247.0,"Mercadopago, Lemon Cash, Uala",CryptoContador97
2025-10-28T00:54:05.565412+00:00,BUY,1479.49,19521.92,850000.0,19600000.0,"Lemon Cash, Naranja X, Bank Transfer (Argentina), Uala, Banco Brubank",TURRAKAcrypto
2025-10-28T00:54:05.565421+00:00,BUY,1479.5,6932.91,900000.0,10240854.0,"Uala, Mercadopago, Naranja X",RULEMAN_CRYPTO
2025-10-28T00:54:05.565435+00:00,BUY,1479.55,236.09,100000.0,348818.0,"Banco Brubank, Naranja X",Supercrypto23
2025-10-28T00:59:06.151795+00:00,SELL,1500.01,10000.0,1960.0,15000100.0,Banco Santander Argentina,Pentagoo_UY
2025-10-28T00:59:06.151837+00:00,SELL,1476.0,140.99,207000.0,208101.0,"Lemon Cash, Mercadopago, Banco Brubank, Naranja X, Uala",Mauri muchos Dolares
2025-10-28T00:59:06.151847+00:00,SELL,1475.35,2315.31,200000.0,3415892.0,"Mercadopago, Naranja X, Fiwind, Bank Transfer (Argentina)",Cambios_Donsatur
2025-10-28T00:59:06.151855+00:00,SELL,1475.0,1144.9,200000.0,1688727.0,"Uala, Naranja X, Lemon Cash",User-8ea84
2025-10-28T00:59:06.151863+00:00,SELL,1474.6,470.0,10000.0,693062.0,"Lemon Cash, Banco Brubank, Naranja X",gapicc
2025-10-28T00:59:06.151871+00:00,SELL,1474.55,575.75,7840.0,848972.0,"Mercadopago, Naranja X, Lemon Cash, Bank Transfer (Argentina), Banco Brubank",matcaraballo
2025-10-28T00:59:06.151879+00:00,SELL,1474.5,272.0,50000.0,400000.0,"Mercadopago, Naranja X",Gio_cripto0610
2025-10-28T00:59:06.151886+00:00,SELL,1474.5,197.55,100000.0,291200.0,Lemon Cash,LinceX
2025-10-28T00:59:06.151894+00:00,SELL,1474.3,984.0,400000.0,1450711.0,"Naranja X, Banco Brubank, Bank Transfer (Argentina), Mercadopago, Lemon Cash",CRYPTOP2PL
2025-10-28T00:59:06.151902+00:00,SELL,1474.28,4980.1,1000000.0,7342061.0,Mercadopago,Iseco1995
2025-10-28T00:59:06.151910+00:00,SELL,1474.21,1400.06,500000.0,2063982.0,"Mercadopago, Fiwind, Lemon Cash, Naranja X, Bank Transfer (Argentina)",MarianoSebastian
2025-10-28T00:59:06.151917+00:00,SELL,1474.2,1200.1,800000.0,1769187.0,"Lemon Cash, Banco Brubank, Mercadopago, Naranja X",DarkHold_
2025-10-28T00:59:06.151924+00:00,SELL,1474.0,1400.0,1000000.0,2063600.0,"Banco Brubank, Bank Transfer (Argentina), Uala",vinnievinzfinanzas
2025-10-28T00:59:06.151933+00:00,SELL,1473.5,2000.0,200000.0,2947000.0,"Banco Santander Argentina, BBVA, Banco Brubank, Belo app, Bank Transfer (Argentina)",la-pitu
2025-10-28T00:59:06.151941+00:00,SELL,1473.27,2505.0,400000.0,3690541.0,"Uala, Banco Brubank, Bank Transfer (Argentina), Mercadopago, Banco Santander Argentina",_iCrypto23_
2025-10-28T00:59:06.151948+00:00,SELL,1473.12,2982.71,100000.0,4393889.0,"Bank Transfer (Argentina), Lemon Cash, Mercadopago, Naranja X",OSO-MASHA-CRIPTO
2025-10-28T00:59:06.151957+00:00,SELL,1473.0,400.0,500000.0,589200.0,"Mercadopago, Lemon Cash, Belo app, Banco Brubank, Uala",KEVINENVIO24
2025-10-28T00:59:06.151966+00:00,SELL,1473.0,11046.85,100000.0,6000000.0,"Bank Transfer (Argentina), Fiwind, Lemon Cash, Mercadopago, Naranja X",ZOMOA_OK
2025-10-28T00:59:06.151974+00:00,SELL,1473.0,920.05,100000.0,1355233.0,"Bank Transfer (Argentina), Banco Brubank, Lemon Cash, Mercadopago, Prex",Remesas_sudamerica
2025-10-28T00:59:06.151982+00:00,SELL,1472.85,63160.92,150000.0,4500000.0,"Banco Santander Argentina, Lemon Cash, Mercadopago, Naranja X, Bank Transfer (Argentina)",--VERTICE--AR--
2025-10-28T00:59:06.658675+00:00,BUY,1476.7,35.5,8000.0,52318.0,"Mercadopago, Bank Transfer (Argentina), Banco Brubank, Uala, Reba",DaroFast
2025-10-28T00:59:06.658840+00:00,BUY,1476.99,36.99,8000.0,54524.0,"Mercadopago, Lemon Cash, Banco Brubank, Uala, Bank Transfer",BWR-cambioCRYPTO
2025-10-28T00:59:06.658865+00:00,BUY,1476.99,93.22,10000.0,130000.0,Lemon Cash,exe07
2025-10-28T00:59:06.658881+00:00,BUY,1477.0,191.15,7840.0,281765.0,BBVA,HijosdeAbraham
2025-10-28T00:59:06.658895+00:00,BUY,1477.0,100.0,147300.0,147405.0,"Mercadopago, Naranja X",nutcapybara
2025-10-28T00:59:06.658910+00:00,BUY,1477.25,173.0,255000.0,255054.0,"Naranja X, Mercadopago, Lemon Cash",mpap2p
2025-10-28T00:59:06.658950+00:00,BUY,1477.5,140.42,7840.0,207056.0,"Lemon Cash, Mercadopago, Naranja X, Bank Transfer (Argentina), Banco Brubank",matcaraballo
2025-10-28T00:59:06.658970+00:00,BUY,1477.65,150.12,8000.0,221382.0,"Mercadopago, Naranja X, Banco Brubank, Lemon Cash, Prex",Mar_azul25
2025-10-28T00:59:06.658986+00:00,BUY,1478.0,99.86,75000.0,147298.0,"Mercadopago, Uala, Naranja X",P2P-70e3dfif
2025-10-28T00:59:06.659003+00:00,BUY,1478.0,316.1,460000.0,466263.0,"Mercadopago, Uala, Naranja X, Banco Brubank",Romanzoncripto
2025-10-28T00:59:06.659019+00:00,BUY,1478.0,500.0,200000.0,737819.0,Mercadopago,Bizarrap-VERIFICADO
2025-10-28T00:59:06.659033+00:00,BUY,1478.87,3900.0,400000.0,5761831.0,"Mercadopago, Banco Brubank, Bank Transfer (Argentina), Banco Santander Argentina, Naranja X",_iCrypto23_
2025-10-28T00:59:06.659048+00:00,BUY,1479.0,161.04,15000.0,237702.0,Fiwind,Gasti96
2025-10-28T00:59:06.659064+00:00,BUY,1479.0,300.0,15000.0,442814.0,"Banco Brubank, Mercadopago, Uala",Leoocrypto
2025-10-28T00:59:06.659079+00:00,BUY,1479.0,453.89,100000.0,669963.0,"Bank Transfer (Argentina), Mercadopago, Lemon Cash, Banco Brubank, Naranja X",facuskrill_argentina
2025-10-28T00:59:06.659093+00:00,BUY,1479.0,69171.07,4000000.0,19600000.0,"Lemon Cash, Mercadopago, Naranja X",Eternal_Crypto
2025-10-28T00:59:06.659105+00:00,BUY,1479.0,3281.52,200000.0,4848519.0,"Banco Brubank, Uala, Naranja X, Mercadopago",EQRCrypto
2025-10-28T00:59:06.659120+00:00,BUY,1479.0,588.42,150000.0,868536.0,"Lemon Cash, Belo app, Banco del Sol",SARMANCE
2025-10-28T00:59:06.659133+00:00,BUY,1479.0,3667.16,1000000.0,5415065.0,"Mercadopago, Lemon Cash",Cambiasseguro
2025-10-28T00:59:06.659147+00:00,BUY,1479.32,65.41,50000.0,96627.0,"Mercadopago, Banco Brubank, Lemon Cash, Bank Transfer (Argentina), Naranja X",Cassius_Clay
2025-10-28T01:04:07.253453+00:00,SELL,1500.01,10000.0,1960.0,15000100.0,Banco Santander Argentina,Pentagoo_UY
2025-10-28T01:04:07.253497+00:00,SELL,1476.0,140.99,207000.0,208101.0,"Lemon Cash, Mercadopago, Banco Brubank, Naranja X, Uala",Mauri muchos Dolares
2025-10-28T01:04:07.253508+00:00,SELL,1475.35,2315.31,200000.0,3415892.0,"Mercadopago, Naranja X, Fiwind, Bank Transfer (Argentina)",Cambios_Donsatur
2025-10-28T01:04:07.253515+00:00,SELL,1475.0,197.55,100000.0,291200.0,Lemon Cash,LinceX
2025-10-28T01:04:07.253523+00:00,SELL,1474.55,168.31,7840.0,248181.0,"Mercadopago, Naranja X, Lemon Cash, Bank Transfer (Argentina), Banco Brubank",matcaraballo
2025-10-28T01:04:07.253531+00:00,SELL,1474.5,272.0,50000.0,400000.0,"Mercadopago, Naranja X",Gio_cripto0610
2025-10-28T01:04:07.253539+00:00,SELL,1474.28,3026.18,1000000.0,4461436.0,Mercadopago,Iseco1995
2025-10-28T01:04:07.253547+00:00,SELL,1474.21,1400.06,500000.0,2063982.0,"Mercadopago, Fiwind, Lemon Cash, Naranja X, Bank Transfer (Argentina)",MarianoSebastian
2025-10-28T01:04:07.253555+00:00,SELL,1474.2,1200.1,800000.0,1769187.0,"Lemon Cash, Banco Brubank, Mercadopago, Naranja X",DarkHold_
2025-10-28T01:04:07.253563+00:00,SELL,1474.0,1400.0,1000000.0,2063600.0,"Banco Brubank, Bank Transfer (Argentina), Uala",vinnievinzfinanzas
2025-10-28T01:04:07.253571+00:00,SELL,1474.0,125.0,150000.0,184250.0,"Banco Brubank, Mercadopago, Naranja X, Uala",Crypto_King17
2025-10-28T01:04:07.253579+00:00,SELL,1473.5,2000.0,200000.0,2947000.0,"Banco Santander Argentina, BBVA, Banco Brubank, Belo app, Bank Transfer (Argentina)",la-pitu
2025-10-28T01:04:07.253588+00:00,SELL,1473.27,2977.14,400000.0,4386131.0,"Uala, Banco Brubank, Bank Transfer (Argentina), Mercadopago, Banco Santander Argentina",_iCrypto23_
2025-10-28T01:04:07.253595+00:00,SELL,1473.12,2982.71,100000.0,4393889.0,"Bank Transfer (Argentina), Lemon Cash, Mercadopago, Naranja X",OSO-MASHA-CRIPTO
2025-10-28T01:04:07.253604+00:00,SELL,1473.0,400.0,500000.0,589200.0,"Mercadopago, Lemon Cash, Belo app, Banco Brubank, Uala",KEVINENVIO24
2025-10-28T01:04:07.253612+00:00,SELL,1473.0,9902.73,100000.0,6000000.0,"Bank Transfer (Argentina), Fiwind, Lemon Cash, Mercadopago, Naranja X",ZOMOA_OK
2025-10-28T01:04:07.253644+00:00,SELL,1473.0,725.48,100000.0,1068632.0,"Bank Transfer (Argentina), Banco Brubank, Lemon Cash, Mercadopago, Prex",Remesas_sudamerica
2025-10-28T01:04:07.253653+00:00,SELL,1472.85,63160.92,150000.0,4500000.0,"Banco Santander Argentina, Lemon Cash, Mercadopago, Naranja X, Bank Transfer (Argentina)",--VERTICE--AR--
2025-10-28T01:04:07.253661+00:00,SELL,1472.8,3000.0,200000.0,4418400.0,Naranja X,Supercrypto23
2025-10-28T01:04:07.253669+00:00,SELL,1472.75,683.83,50000.0,600000.0,"Uala, Mercadopago, Lemon Cash, Bank Transfer",sisisil
2025-10-28T01:04:07.697052+00:00,BUY,1476.7,35.5,8000.0,52318.0,"Mercadopago, Bank Transfer (Argentina), Banco Brubank, Uala, Reba",DaroFast
2025-10-28T01:04:07.697110+00:00,BUY,1476.99,26.43,8000.0,38958.0,"Mercadopago, Lemon Cash, Banco Brubank, Uala, Bank Transfer",BWR-cambioCRYPTO
2025-10-28T01:04:07.697120+00:00,BUY,1477.0,191.15,7840.0,281765.0,BBVA,HijosdeAbraham
2025-10-28T01:04:07.697128+00:00,BUY,1477.0,100.0,147300.0,147405.0,"Mercadopago, Naranja X",nutcapybara
2025-10-28T01:04:07.697138+00:00,BUY,1477.5,126.43,7840.0,186427.0,"Lemon Cash, Mercadopago, Naranja X, Bank Transfer (Argentina), Banco Brubank",matcaraballo
2025-10-28T01:04:07.697146+00:00,BUY,1477.65,150.12,8000.0,221382.0,"Mercadopago, Naranja X, Banco Brubank, Lemon Cash, Prex",Mar_azul25
2025-10-28T01:04:07.697155+00:00,BUY,1477.9,316.1,460000.0,466231.0,"Mercadopago, Uala, Naranja X, Banco Brubank",Romanzoncripto
2025-10-28T01:04:07.697163+00:00,BUY,1477.98,588.42,150000.0,867937.0,"Lemon Cash, Belo app, Banco del Sol",SARMANCE
2025-10-28T01:04:07.697171+00:00,BUY,1477.99,393.99,50000.0,400000.0,"Mercadopago, Banco Brubank, Lemon Cash",DelPlata_Cripto
2025-10-28T01:04:07.697180+00:00,BUY,1477.99,453.89,100000.0,669505.0,"Bank Transfer (Argentina), Mercadopago, Lemon Cash, Banco Brubank, Naranja X",facuskrill_argentina
2025-10-28T01:04:07.697188+00:00,BUY,1478.0,99.86,75000.0,147298.0,"Mercadopago, Uala, Naranja X",P2P-70e3dfif
2025-10-28T01:04:07.697197+00:00,BUY,1478.0,1161.02,200000.0,1713246.0,Mercadopago,Bizarrap-VERIFICADO
2025-10-28T01:04:07.697205+00:00,BUY,1478.87,3900.0,400000.0,5761831.0,"Mercadopago, Banco Brubank, Bank Transfer (Argentina), Banco Santander Argentina, Naranja X",_iCrypto23_
2025-10-28T01:04:07.697214+00:00,BUY,1478.98,559.96,50000.0,827011.0,"Mercadopago, Banco Brubank, Lemon Cash, Bank Transfer (Argentina), Naranja X",Cassius_Clay
2025-10-28T01:04:07.697222+00:00,BUY,1478.99,21470.74,2000000.0,19600000.0,"Mercadopago, Bank Transfer (Argentina), Lemon Cash, Naranja X",ObaOba90
2025-10-28T01:04:07.697229+00:00,BUY,1479.0,150.88,15000.0,222706.0,Fiwind,Gasti96
2025-10-28T01:04:07.697237+00:00,BUY,1479.0,300.0,15000.0,442814.0,"Banco Brubank, Mercadopago, Uala",Leoocrypto
2025-10-28T01:04:07.697274+00:00,BUY,1479.0,619.28,300000.0,914086.0,Bank Transfer (Argentina),Dayacortez
2025-10-28T01:04:07.697283+00:00,BUY,1479.0,3667.16,1000000.0,5415065.0,"Mercadopago, Lemon Cash",Cambiasseguro
2025-10-28T01:04:07.697291+00:00,BUY,1479.0,2825.97,200000.0,4175434.0,"Banco Brubank, Uala, Naranja X, Mercadopago",EQRCrypto
2025-10-28T01:09:08.508377+00:00,SELL,1500.01,10000.0,1960.0,15000100.0,Banco Santander Argentina,Pentagoo_UY
2025-10-28T01:09:08.508419+00:00,SELL,1476.0,140.99,207000.0,208101.0,"Lemon Cash, Mercadopago, Banco Brubank, Naranja X, Uala",Mauri muchos Dolares
2025-10-28T01:09:08.508430+00:00,SELL,1475.35,2315.31,200000.0,3415892.0,"Mercadopago, Naranja X, Fiwind, Bank Transfer (Argentina)",Cambios_Donsatur
2025-10-28T01:09:08.508439+00:00,SELL,1475.0,126.21,100000.0,186159.0,Lemon Cash,LinceX
2025-10-28T01:09:08.508447+00:00,SELL,1474.55,119.49,7840.0,176193.0,"Mercadopago, Naranja X, Lemon Cash, Bank Transfer (Argentina), Banco Brubank",matcaraballo
2025-10-28T01:09:08.508455+00:00,SELL,1474.5,272.0,50000.0,400000.0,"Mercadopago, Naranja X",Gio_cripto0610
2025-10-28T01:09:08.508464+00:00,SELL,1474.5,556.34,300000.0,820323.0,"Banco Brubank, Bank Transfer (Argentina), Mercadopago, Lemon Cash, Naranja X",lordnestt
2025-10-28T01:09:08.508471+00:00,SELL,1474.28,3026.18,1000000.0,4461436.0,Mercadopago,Iseco1995
2025-10-28T01:09:08.508479+00:00,SELL,1474.21,1060.9,500000.0,1563989.0,"Mercadopago, Fiwind, Lemon Cash, Naranja X, Bank Transfer (Argentina)",MarianoSebastian
2025-10-28T01:09:08.508487+00:00,SELL,1474.2,899.96,800000.0,1326721.0,"Lemon Cash, Banco Brubank, Mercadopago, Naranja X",DarkHold_
2025-10-28T01:09:08.508495+00:00,SELL,1474.0,1400.0,1000000.0,2063600.0,"Banco Brubank, Bank Transfer (Argentina), Uala",vinnievinzfinanzas
2025-10-28T01:09:08.508503+00:00,SELL,1474.0,1144.9,200000.0,1687582.0,"Uala, Naranja X, Lemon Cash",User-8ea84
2025-10-28T01:09:08.508512+00:00,SELL,1473.8,6649.0,250000.0,9799296.0,"BBVA, Banco Brubank, Bank Transfer (Argentina), Mercadopago, Naranja X",TecnoBL
2025-10-28T01:09:08.508538+00:00,SELL,1473.5,2000.0,200000.0,2947000.0,"Banco Santander Argentina, BBVA, Banco Brubank, Belo app, Bank Transfer (Argentina)",la-pitu
2025-10-28T01:09:08.508546+00:00,SELL,1473.27,1888.16,400000.0,2781769.0,"Uala, Banco Brubank, Bank Transfer (Argentina), Mercadopago, Banco Santander Argentina",_iCrypto23_
2025-10-28T01:09:08.508554+00:00,SELL,1473.12,2982.71,100000.0,4393889.0,"Bank Transfer (Argentina), Lemon Cash, Mercadopago, Naranja X",OSO-MASHA-CRIPTO
2025-10-28T01:09:08.508562+00:00,SELL,1473.0,400.0,500000.0,589200.0,"Mercadopago, Lemon Cash, Belo app, Banco Brubank, Uala",KEVINENVIO24
2025-10-28T01:09:08.508570+00:00,SELL,1473.0,725.48,100000.0,1068632.0,"Bank Transfer (Argentina), Banco Brubank, Lemon Cash, Mercadopago, Prex",Remesas_sudamerica
2025-10-28T01:09:08.508579+00:00,SELL,1472.85,63160.92,150000.0,4500000.0,"Banco Santander Argentina, Lemon Cash, Mercadopago, Naranja X, Bank Transfer (Argentina)",--VERTICE--AR--
2025-10-28T01:09:08.508586+00:00,SELL,1472.8,3000.0,200000.0,4418400.0,Naranja X,Supercrypto23
2025-10-28T01:09:08.953713+00:00,BUY,1476.7,35.5,8000.0,52318.0,"Mercadopago, Bank Transfer (Argentina), Banco Brubank, Uala, Reba",DaroFast
2025-10-28T01:09:08.953755+00:00,BUY,1476.99,26.43,8000.0,38958.0,"Mercadopago, Lemon Cash, Banco Brubank, Uala, Bank Transfer",BWR-cambioCRYPTO
2025-10-28T01:09:08.953769+00:00,BUY,1477.0,38.52,7840.0,56780.0,BBVA,HijosdeAbraham
2025-10-28T01:09:08.953778+00:00,BUY,1477.0,100.0,147300.0,147405.0,"Mercadopago, Naranja X",nutcapybara
2025-10-28T01:09:08.953786+00:00,BUY,1477.5,481.74,7840.0,710350.0,"Lemon Cash, Mercadopago, Naranja X, Bank Transfer (Argentina), Banco Brubank",matcaraballo
2025-10-28T01:09:08.953795+00:00,BUY,1477.65,143.35,8000.0,211398.0,"Mercadopago, Naranja X, Banco Brubank, Lemon Cash, Prex",Mar_azul25
2025-10-28T01:09:08.953810+00:00,BUY,1477.9,316.1,260000.0,466231.0,"Mercadopago, Uala, Naranja X, Banco Brubank",Romanzoncripto
2025-10-28T01:09:08.953825+00:00,BUY,1477.98,231.17,150000.0,340982.0,"Lemon Cash, Belo app, Banco del Sol",SARMANCE
2025-10-28T01:09:08.953846+00:00,BUY,1477.99,453.89,100000.0,669505.0,"Bank Transfer (Argentina), Mercadopago, Lemon Cash, Banco Brubank, Naranja X",facuskrill_argentina
2025-10-28T01:09:08.953868+00:00,BUY,1478.0,99.86,75000.0,147298.0,"Mercadopago, Uala, Naranja X",P2P-70e3dfif
2025-10-28T01:09:08.953878+00:00,BUY,1478.0,69171.07,4000000.0,19600000.0,"Lemon Cash, Mercadopago, Naranja X",Eternal_Crypto
2025-10-28T01:09:08.953886+00:00,BUY,1478.0,1171.79,7840.0,1728448.0,"Mercadopago, Banco Brubank, Uala, Bank Transfer (Argentina)",Jonams22
2025-10-28T01:09:08.953929+00:00,BUY,1478.5,289.84,15000.0,427673.0,"Banco Brubank, Mercadopago, Uala",Leoocrypto
2025-10-28T01:09:08.953942+00:00,BUY,1478.5,6932.91,900000.0,10233933.0,"Uala, Mercadopago, Naranja X",RULEMAN_CRYPTO
2025-10-28T01:09:08.953968+00:00,BUY,1478.77,3900.0,400000.0,5761441.0,"Mercadopago, Banco Brubank, Bank Transfer (Argentina), Banco Santander Argentina, Naranja X",_iCrypto23_
2025-10-28T01:09:08.953976+00:00,BUY,1478.8,8939.51,800000.0,5000000.0,"Mercadopago, Banco Brubank, Lemon Cash, Bank Transfer (Argentina), Naranja X",seba-usd
2025-10-28T01:09:08.953991+00:00,BUY,1478.85,13628.95,850000.0,19600000.0,"Lemon Cash, Naranja X, Bank Transfer (Argentina), Uala, Banco Brubank",TURRAKAcrypto
2025-10-28T01:09:08.954000+00:00,BUY,1478.96,13.6,15000.0,20085.0,"Mercadopago, Banco Brubank, Lemon Cash, Bank Transfer (Argentina), Naranja X",Cassius_Clay
2025-10-28T01:09:08.954008+00:00,BUY,1478.96,188.12,50000.0,277832.0,"Lemon Cash, Belo app, Naranja X",ye_franc
2025-10-28T01:09:08.954016+00:00,BUY,1478.97,256.49,50000.0,378735.0,"Mercadopago, Bank Transfer (Argentina), Lemon Cash, Banco Santander Argentina, Naranja X",-JP2P-
2025-10-28T01:14:09.638302+00:00,SELL,1500.01,10000.0,1960.0,15000100.0,Banco Santander Argentina,Pentagoo_UY
2025-10-28T01:14:09.638376+00:00,SELL,1476.0,140.99,207000.0,208101.0,"Lemon Cash, Mercadopago, Banco Brubank, Naranja X, Uala",Mauri muchos Dolares
2025-10-28T01:14:09.638388+00:00,SELL,1475.35,2315.31,200000.0,3415892.0,"Mercadopago, Naranja X, Fiwind, Bank Transfer (Argentina)",Cambios_Donsatur
2025-10-28T01:14:09.638397+00:00,SELL,1475.0,126.21,100000.0,186159.0,Lemon Cash,LinceX
2025-10-28T01:14:09.638405+00:00,SELL,1474.55,106.06,7840.0,156390.0,"Mercadopago, Naranja X, Lemon Cash, Bank Transfer (Argentina), Banco Brubank",matcaraballo
2025-10-28T01:14:09.638413+00:00,SELL,1474.5,272.0,50000.0,400000.0,"Mercadopago, Naranja X",Gio_cripto0610
2025-10-28T01:14:09.638421+00:00,SELL,1474.5,1144.9,200000.0,1688155.0,"Uala, Naranja X, Lemon Cash",User-8ea84
2025-10-28T01:14:09.638429+00:00,SELL,1474.0,1400.0,1000000.0,2063600.0,"Banco Brubank, Bank Transfer (Argentina), Uala",vinnievinzfinanzas
2025-10-28T01:14:09.638437+00:00,SELL,1473.8,6649.0,250000.0,9799296.0,"BBVA, Banco Brubank, Bank Transfer (Argentina), Mercadopago, Naranja X",TecnoBL
2025-10-28T01:14:09.638445+00:00,SELL,1473.5,2000.0,200000.0,2947000.0,"Banco Santander Argentina, BBVA, Banco Brubank, Belo app, Bank Transfer (Argentina)",la-pitu
2025-10-28T01:14:09.638453+00:00,SELL,1473.5,2126.23,1000000.0,3132999.0,Mercadopago,Iseco1995
2025-10-28T01:14:09.638461+00:00,SELL,1473.27,908.95,400000.0,1339128.0,"Uala, Banco Brubank, Bank Transfer (Argentina), Mercadopago, Banco Santander Argentina",_iCrypto23_
2025-10-28T01:14:09.638481+00:00,SELL,1473.12,2982.71,100000.0,4393889.0,"Bank Transfer (Argentina), Lemon Cash, Mercadopago, Naranja X",OSO-MASHA-CRIPTO
2025-10-28T01:14:09.638489+00:00,SELL,1473.0,400.0,500000.0,589200.0,"Mercadopago, Lemon Cash, Belo app, Banco Brubank, Uala",KEVINENVIO24
2025-10-28T01:14:09.638499+00:00,SELL,1473.0,1174.42,400000.0,1729920.0,"Lemon Cash, Mercadopago, Bank Transfer (Argentina), Banco Brubank, Naranja X",CRYPTOP2PL
2025-10-28T01:14:09.638507+00:00,SELL,1472.85,63160.92,150000.0,4500000.0,"Banco Santander Argentina, Lemon Cash, Mercadopago, Naranja X, Bank Transfer (Argentina)",--VERTICE--AR--
2025-10-28T01:14:09.638515+00:00,SELL,1472.8,3000.0,200000.0,4418400.0,Naranja X,Supercrypto23
2025-10-28T01:14:09.638523+00:00,SELL,1472.73,1800.0,250000.0,2650914.0,"Fiwind, Lemon Cash, Mercadopago, Naranja X",cbacrypt
2025-10-28T01:14:09.638531+00:00,SELL,1472.7,58.1,50000.0,85563.0,"Lemon Cash, Mercadopago, Banco Brubank, Naranja X, Uala",Guipie1424
2025-10-28T01:14:09.638539+00:00,SELL,1472.52,52.66,70000.0,77542.0,"Lemon Cash, Bank Transfer, Mercadopago, Banco Brubank, Uala",CorchiAM
2025-10-28T01:14:10.159305+00:00,BUY,1477.0,38.52,7840.0,56780.0,BBVA,HijosdeAbraham
2025-10-28T01:14:10.159348+00:00,BUY,1477.0,100.0,147300.0,147405.0,"Mercadopago, Naranja X",nutcapybara
2025-10-28T01:14:10.159358+00:00,BUY,1477.01,100.0,10000.0,140000.0,Lemon Cash,exe07
2025-10-28T01:14:10.159367+00:00,BUY,1477.5,316.1,260000.0,466105.0,"Mercadopago, Uala, Naranja X, Banco Brubank",Romanzoncripto
2025-10-28T01:14:10.159375+00:00,BUY,1477.64,101.03,50000.0,148987.0,"Banco Brubank, Mercadopago, Lemon Cash, Naranja X, Belo app",mw-project
2025-10-28T01:14:10.159384+00:00,BUY,1477.65,37.04,8000.0,54622.0,"Mercadopago, Naranja X, Banco Brubank, Lemon Cash, Prex",Mar_azul25
2025-10-28T01:14:10.159392+00:00,BUY,1477.7,13628.95,850000.0,19600000.0,"Lemon Cash, Naranja X, Bank Transfer (Argentina), Uala, Banco Brubank",TURRAKAcrypto
2025-10-28T01:14:10.159401+00:00,BUY,1477.71,3900.0,400000.0,5757311.0,"Mercadopago, Banco Brubank, Bank Transfer (Argentina), Banco Santander Argentina, Naranja X",_iCrypto23_
2025-10-28T01:14:10.159409+00:00,BUY,1477.78,4974.89,400000.0,7341514.0,"Mercadopago, Banco Brubank, Bank Transfer (Argentina), Naranja X, Lemon Cash",VCte_Crypto
2025-10-28T01:14:10.159417+00:00,BUY,1477.79,431.59,7840.0,636526.0,"Lemon Cash, Mercadopago, Naranja X, Bank Transfer (Argentina), Banco Brubank",matcaraballo
2025-10-28T01:14:10.159426+00:00,BUY,1477.8,4968.05,900000.0,7330056.0,"Uala, Mercadopago, Naranja X",RULEMAN_CRYPTO
2025-10-28T01:14:10.159433+00:00,BUY,1477.98,231.17,150000.0,340982.0,"Lemon Cash, Belo app, Banco del Sol",SARMANCE
2025-10-28T01:14:10.159457+00:00,BUY,1477.99,453.89,100000.0,669505.0,"Bank Transfer (Argentina), Mercadopago, Lemon Cash, Banco Brubank, Naranja X",facuskrill_argentina
2025-10-28T01:14:10.159466+00:00,BUY,1477.99,16052.96,2000000.0,19600000.0,"Mercadopago, Bank Transfer (Argentina), Lemon Cash, Naranja X",ObaOba90
2025-10-28T01:14:10.159474+00:00,BUY,1478.0,99.86,75000.0,147298.0,"Mercadopago, Uala, Naranja X",P2P-70e3dfif
2025-10-28T01:14:10.159481+00:00,BUY,1478.0,80000.0,4000000.0,19600000.0,"Lemon Cash, Mercadopago, Naranja X",Eternal_Crypto
2025-10-28T01:14:10.159489+00:00,BUY,1478.0,1171.79,7840.0,1728448.0,"Mercadopago, Banco Brubank, Uala, Bank Transfer (Argentina)",Jonams22
2025-10-28T01:14:10.159497+00:00,BUY,1478.0,1300.94,10000.0,1918951.0,"Bank Transfer (Argentina), Fiwind, Naranja X, Prex, Bank Transfer",DamiCripto
2025-10-28T01:14:10.159505+00:00,BUY,1478.5,289.84,15000.0,427673.0,"Banco Brubank, Mercadopago, Uala",Leoocrypto
2025-10-28T01:14:10.159513+00:00,BUY,1478.97,97.35,50000.0,118818.0,"Mercadopago, Bank Transfer (Argentina), Lemon Cash, Banco Santander Argentina, Naranja X",-JP2P-
2025-10-28T01:19:10.812752+00:00,SELL,1500.01,10000.0,1960.0,15000100.0,Banco Santander Argentina,Pentagoo_UY
2025-10-28T01:19:10.812796+00:00,SELL,1476.0,140.99,207000.0,208101.0,"Lemon Cash, Mercadopago, Banco Brubank, Naranja X, Uala",Mauri muchos Dolares
2025-10-28T01:19:10.812806+00:00,SELL,1474.51,175.22,7840.0,258363.0,"Mercadopago, Naranja X, Lemon Cash, Bank Transfer (Argentina), Banco Brubank",matcaraballo
2025-10-28T01:19:10.812815+00:00,SELL,1474.5,123.59,50000.0,182233.0,"Mercadopago, Naranja X",Gio_cripto0610
2025-10-28T01:19:10.812823+00:00,SELL,1474.5,692.55,200000.0,1021164.0,"Uala, Naranja X, Lemon Cash",User-8ea84
2025-10-28T01:19:10.812831+00:00,SELL,1474.2,174.0,256000.0,256510.0,"Banco Brubank, Bank Transfer (Argentina), Naranja X, Lemon Cash, Mercadopago",mpap2p
2025-10-28T01:19:10.812839+00:00,SELL,1474.0,1400.0,1000000.0,2063600.0,"Banco Brubank, Bank Transfer (Argentina), Uala",vinnievinzfinanzas
2025-10-28T01:19:10.812846+00:00,SELL,1474.0,126.21,100000.0,186033.0,Lemon Cash,LinceX
2025-10-28T01:19:10.812854+00:00,SELL,1473.5,2000.0,200000.0,2947000.0,"Banco Santander Argentina, BBVA, Banco Brubank, Belo app, Bank Transfer (Argentina)",la-pitu
2025-10-28T01:19:10.812861+00:00,SELL,1473.5,2126.23,1000000.0,3132999.0,Mercadopago,Iseco1995
2025-10-28T01:19:10.812869+00:00,SELL,1473.3,1500.0,200000.0,2209950.0,"Uala, Naranja X, Mercadopago, Belo app, Banco Brubank",CRIPTOSLÊANDRØ
2025-10-28T01:19:10.812878+00:00,SELL,1473.0,400.0,500000.0,589200.0,"Mercadopago, Lemon Cash, Belo app, Banco Brubank, Uala",KEVINENVIO24
2025-10-28T01:19:10.812886+00:00,SELL,1473.0,616.84,400000.0,908605.0,"Lemon Cash, Mercadopago, Bank Transfer (Argentina), Banco Brubank, Naranja X",CRYPTOP2PL
2025-10-28T01:19:10.812894+00:00,SELL,1472.8,3000.0,200000.0,4418400.0,Naranja X,Supercrypto23
2025-10-28T01:19:10.812901+00:00,SELL,1472.73,1800.0,250000.0,2650914.0,"Fiwind, Lemon Cash, Mercadopago, Naranja X",cbacrypt
2025-10-28T01:19:10.812909+00:00,SELL,1472.71,1018.53,90000.0,1499999.0,"Banco Brubank, Lemon Cash, Mercadopago, Naranja X, Bank Transfer",VALCRIPT
2025-10-28T01:19:10.812918+00:00,SELL,1472.52,52.66,70000.0,77542.0,"Lemon Cash, Bank Transfer, Mercadopago, Banco Brubank, Uala",CorchiAM
2025-10-28T01:19:10.812926+00:00,SELL,1472.1,62757.82,150000.0,4500000.0,"Banco Santander Argentina, Lemon Cash, Mercadopago, Naranja X, Bank Transfer (Argentina)",--VERTICE--AR--
2025-10-28T01:19:10.812935+00:00,SELL,1472.1,150.38,20000.0,221374.0,"Uala, Naranja X, Mercadopago, Lemon Cash, Banco Brubank",PULPOCOIN
2025-10-28T01:19:10.812943+00:00,SELL,1472.02,200.0,30000.0,250000.0,"Belo app, Naranja X, Mercadopago, Lemon Cash, Banco Brubank",mw-project
2025-10-28T01:19:11.337281+00:00,BUY,1477.0,32.76,7840.0,48289.0,BBVA,HijosdeAbraham
2025-10-28T01:19:11.337322+00:00,BUY,1477.0,100.0,147300.0,147405.0,"Mercadopago, Naranja X",nutcapybara
2025-10-28T01:19:11.337332+00:00,BUY,1477.0,100.0,100000.0,147405.0,"Bank Transfer (Argentina), Mercadopago",JMCrypto
2025-10-28T01:19:11.337340+00:00,BUY,1477.0,231.17,150000.0,340756.0,"Lemon Cash, Belo app, Banco del Sol",SARMANCE
2025-10-28T01:19:11.337349+00:00,BUY,1477.0,1400.0,2000000.0,2000000.0,"Bank Transfer (Argentina), Mercadopago, Banco Brubank, Uala, BBVA",avaldivia
2025-10-28T01:19:11.337357+00:00,BUY,1477.0,289.84,15000.0,427239.0,"Banco Brubank, Mercadopago, Uala",Leoocrypto
2025-10-28T01:19:11.337365+00:00,BUY,1477.5,316.1,260000.0,466105.0,"Mercadopago, Uala, Naranja X, Banco Brubank",Romanzoncripto
2025-10-28T01:19:11.337373+00:00,BUY,1477.5,453.89,100000.0,669283.0,"Bank Transfer (Argentina), Mercadopago, Lemon Cash, Banco Brubank, Naranja X",facuskrill_argentina
2025-10-28T01:19:11.337381+00:00,BUY,1477.64,101.03,50000.0,148987.0,"Banco Brubank, Mercadopago, Lemon Cash, Naranja X, Belo app",mw-project
2025-10-28T01:19:11.337389+00:00,BUY,1477.64,100.0,10000.0,140000.0,Lemon Cash,exe07
2025-10-28T01:19:11.337397+00:00,BUY,1477.65,20.77,8000.0,30629.0,"Mercadopago, Naranja X, Banco Brubank, Lemon Cash, Prex",Mar_azul25
2025-10-28T01:19:11.337405+00:00,BUY,1477.67,3900.0,400000.0,5757155.0,"Mercadopago, Banco Brubank, Bank Transfer (Argentina), Banco Santander Argentina, Naranja X",_iCrypto23_
2025-10-28T01:19:11.337414+00:00,BUY,1477.7,12300.72,850000.0,18151362.0,"Lemon Cash, Naranja X, Bank Transfer (Argentina), Uala, Banco Brubank",TURRAKAcrypto
2025-10-28T01:19:11.337422+00:00,BUY,1477.7,1300.94,10000.0,1918561.0,"Bank Transfer (Argentina), Fiwind, Naranja X, Prex, Bank Transfer",DamiCripto
2025-10-28T01:19:11.337430+00:00,BUY,1477.79,387.33,7840.0,571249.0,"Lemon Cash, Mercadopago, Naranja X, Bank Transfer (Argentina), Banco Brubank",matcaraballo
2025-10-28T01:19:11.337438+00:00,BUY,1477.8,4041.73,900000.0,5963327.0,"Uala, Mercadopago, Naranja X",RULEMAN_CRYPTO
2025-10-28T01:19:11.337446+00:00,BUY,1477.85,91.31,100000.0,134726.0,"Mercadopago, Naranja X, Bank Transfer (Argentina), Banco Brubank, Lemon Cash",Kevinchoo555
2025-10-28T01:19:11.337454+00:00,BUY,1477.99,17746.8,2000000.0,16379517.0,"Mercadopago, Bank Transfer (Argentina), Lemon Cash, Naranja X",ObaOba90
2025-10-28T01:19:11.337463+00:00,BUY,1478.0,99.86,75000.0,147298.0,"Mercadopago, Uala, Naranja X",P2P-70e3dfif
2025-10-28T01:19:11.337477+00:00,BUY,1478.0,80000.0,4000000.0,19600000.0,"Lemon Cash, Mercadopago, Naranja X",Eternal_Crypto
2025-10-28T01:24:11.943827+00:00,SELL,1500.01,10000.0,1960.0,15000100.0,Banco Santander Argentina,Pentagoo_UY
2025-10-28T01:24:11.943869+00:00,SELL,1476.0,140.99,207000.0,208101.0,"Lemon Cash, Mercadopago, Banco Brubank, Naranja X, Uala",Mauri muchos Dolares
2025-10-28T01:24:11.943880+00:00,SELL,1474.5,55.78,50000.0,82247.0,"Mercadopago, Naranja X",Gio_cripto0610
2025-10-28T01:24:11.943888+00:00,SELL,1474.5,692.55,200000.0,1021164.0,"Uala, Naranja X, Lemon Cash",User-8ea84
2025-10-28T01:24:11.943901+00:00,SELL,1474.2,174.0,256000.0,256510.0,"Banco Brubank, Bank Transfer (Argentina), Naranja X, Lemon Cash, Mercadopago",mpap2p
2025-10-28T01:24:11.943909+00:00,SELL,1474.0,1400.0,1000000.0,2063600.0,"Banco Brubank, Bank Transfer (Argentina), Uala",vinnievinzfinanzas
2025-10-28T01:24:11.943916+00:00,SELL,1474.0,126.21,100000.0,186033.0,Lemon Cash,LinceX
2025-10-28T01:24:11.943925+00:00,SELL,1473.5,1764.93,200000.0,2600624.0,"Banco Santander Argentina, BBVA, Banco Brubank, Belo app, Bank Transfer (Argentina)",la-pitu
2025-10-28T01:24:11.943933+00:00,SELL,1473.3,1500.0,200000.0,2209950.0,"Uala, Naranja X, Mercadopago, Belo app, Banco Brubank",CRIPTOSLÊANDRØ
2025-10-28T01:24:11.943941+00:00,SELL,1473.0,400.0,500000.0,589200.0,"Mercadopago, Lemon Cash, Belo app, Banco Brubank, Uala",KEVINENVIO24
2025-10-28T01:24:11.943949+00:00,SELL,1473.0,2126.23,1000000.0,3131936.0,Mercadopago,Iseco1995
2025-10-28T01:24:11.943956+00:00,SELL,1473.0,40971.72,1000000.0,19600000.0,Lemon Cash,WaveFx
2025-10-28T01:24:11.943963+00:00,SELL,1472.8,2822.06,200000.0,4156329.0,Naranja X,Supercrypto23
2025-10-28T01:24:11.943971+00:00,SELL,1472.71,936.58,90000.0,1379310.0,"Banco Brubank, Lemon Cash, Mercadopago, Naranja X, Bank Transfer",VALCRIPT
2025-10-28T01:24:11.943979+00:00,SELL,1472.7,1000.0,10000.0,1472700.0,"Fiwind, Prex, Bank Transfer, Bank Transfer (Argentina), Naranja X",DamiCripto
2025-10-28T01:24:11.943988+00:00,SELL,1472.52,52.66,70000.0,77542.0,"Lemon Cash, Bank Transfer, Mercadopago, Banco Brubank, Uala",CorchiAM
2025-10-28T01:24:11.943996+00:00,SELL,1472.1,59361.37,150000.0,4500000.0,"Banco Santander Argentina, Lemon Cash, Mercadopago, Naranja X, Bank Transfer (Argentina)",--VERTICE--AR--
2025-10-28T01:24:11.944005+00:00,SELL,1472.02,200.0,30000.0,250000.0,"Belo app, Naranja X, Mercadopago, Lemon Cash, Banco Brubank",mw-project
2025-10-28T01:24:11.944014+00:00,SELL,1472.01,1500.0,10000.0,2208015.0,"Lemon Cash, Uala, Bank Transfer (Argentina), Naranja X, Mercadopago",BWR-cambioCRYPTO
2025-10-28T01:24:11.944022+00:00,SELL,1472.0,505.36,100000.0,743889.0,"Fiwind, Belo app, BBVA",elgrangabi
2025-10-28T01:24:12.405394+00:00,BUY,1477.0,32.76,7840.0,48289.0,BBVA,HijosdeAbraham
2025-10-28T01:24:12.405451+00:00,BUY,1477.0,140.59,26000.0,207236.0,"Mercadopago, Uala, Naranja X, Banco Brubank",Romanzoncripto
2025-10-28T01:24:12.405481+00:00,BUY,1477.0,130.0,191600.0,191626.0,"Mercadopago, Naranja X",nutcapybara
2025-10-28T01:24:12.405494+00:00,BUY,1477.5,453.89,100000.0,669283.0,"Bank Transfer (Argentina), Mercadopago, Lemon Cash, Banco Brubank, Naranja X",facuskrill_argentina
2025-10-28T01:24:12.405522+00:00,BUY,1477.5,1400.0,2000000.0,2000000.0,"Bank Transfer (Argentina), Mercadopago, Banco Brubank, Uala, BBVA",avaldivia
2025-10-28T01:24:12.405532+00:00,BUY,1477.6,4676.54,200000.0,6900394.0,"Mercadopago, Banco Brubank, Bank Transfer (Argentina), Naranja X, Lemon Cash",VCte_Crypto
2025-10-28T01:24:12.405541+00:00,BUY,1477.64,101.03,50000.0,148987.0,"Banco Brubank, Mercadopago, Lemon Cash, Naranja X, Belo app",mw-project
2025-10-28T01:24:12.405549+00:00,BUY,1477.64,100.0,10000.0,140000.0,Lemon Cash,exe07
2025-10-28T01:24:12.405557+00:00,BUY,1477.65,20.77,8000.0,30629.0,"Mercadopago, Naranja X, Banco Brubank, Lemon Cash, Prex",Mar_azul25
2025-10-28T01:24:12.405566+00:00,BUY,1477.67,3900.0,400000.0,5757155.0,"Mercadopago, Banco Brubank, Bank Transfer (Argentina), Banco Santander Argentina, Naranja X",_iCrypto23_
2025-10-28T01:24:12.405575+00:00,BUY,1477.7,10880.08,850000.0,16055017.0,"Lemon Cash, Naranja X, Bank Transfer (Argentina), Uala, Banco Brubank",TURRAKAcrypto
2025-10-28T01:24:12.405583+00:00,BUY,1477.7,1300.94,10000.0,1918561.0,"Bank Transfer (Argentina), Fiwind, Naranja X, Prex, Bank Transfer",DamiCripto
2025-10-28T01:24:12.405591+00:00,BUY,1477.79,373.51,7840.0,550867.0,"Lemon Cash, Mercadopago, Naranja X, Bank Transfer (Argentina), Banco Brubank",matcaraballo
2025-10-28T01:24:12.405628+00:00,BUY,1477.8,3363.97,900000.0,4963333.0,"Uala, Mercadopago, Naranja X",RULEMAN_CRYPTO
2025-10-28T01:24:12.405637+00:00,BUY,1477.99,16391.73,2000000.0,14379537.0,"Mercadopago, Bank Transfer (Argentina), Lemon Cash, Naranja X",ObaOba90
2025-10-28T01:24:12.405645+00:00,BUY,1478.0,99.86,75000.0,147298.0,"Mercadopago, Uala, Naranja X",P2P-70e3dfif
2025-10-28T01:24:12.405653+00:00,BUY,1478.0,80000.0,4000000.0,19600000.0,"Lemon Cash, Mercadopago, Naranja X",Eternal_Crypto
2025-10-28T01:24:12.405662+00:00,BUY,1478.0,1171.79,7840.0,1728448.0,"Mercadopago, Banco Brubank, Uala, Bank Transfer (Argentina)",Jonams22
2025-10-28T01:24:12.405670+00:00,BUY,1478.4,3051.37,100000.0,4504838.0,"Bank Transfer (Argentina), Mercadopago, Banco del Sol, Naranja X",--VERTICE--AR--
2025-10-28T01:24:12.405678+00:00,BUY,1478.5,395.36,50000.0,400000.0,"Mercadopago, Lemon Cash, Uala",sisisil
2025-10-28T01:29:12.969369+00:00,SELL,1500.01,10000.0,1960.0,15000100.0,Banco Santander Argentina,Pentagoo_UY
2025-10-28T01:29:12.969412+00:00,SELL,1476.0,335.92,207000.0,495817.0,"Lemon Cash, Mercadopago, Banco Brubank, Naranja X, Uala",Mauri muchos Dolares
2025-10-28T01:29:12.969423+00:00,SELL,1474.55,588.8,80000.0,868215.0,"Lemon Cash, Naranja X, Bank Transfer",bryancf
2025-10-28T01:29:12.969431+00:00,SELL,1474.5,55.78,50000.0,82247.0,"Mercadopago, Naranja X",Gio_cripto0610
2025-10-28T01:29:12.969439+00:00,SELL,1474.5,692.55,200000.0,1021164.0,"Uala, Naranja X, Lemon Cash",User-8ea84
2025-10-28T01:29:12.969451+00:00,SELL,1474.2,174.0,256000.0,256510.0,"Banco Brubank, Bank Transfer (Argentina), Naranja X, Lemon Cash, Mercadopago",mpap2p
2025-10-28T01:29:12.969468+00:00,SELL,1474.0,1400.0,1000000.0,2063600.0,"Banco Brubank, Bank Transfer (Argentina), Uala",vinnievinzfinanzas
2025-10-28T01:29:12.969495+00:00,SELL,1474.0,126.21,100000.0,186033.0,Lemon Cash,LinceX
2025-10-28T01:29:12.969514+00:00,SELL,1474.0,2152.36,50000.0,3148800.0,"Fiwind, Mercadopago, Banco Brubank, Naranja X",MirageNqn
2025-10-28T01:29:12.969528+00:00,SELL,1473.51,190.03,7840.0,280011.0,"Mercadopago, Naranja X, Lemon Cash, Bank Transfer (Argentina), Banco Brubank",matcaraballo
2025-10-28T01:29:12.969541+00:00,SELL,1473.5,1764.93,200000.0,2600624.0,"Banco Santander Argentina, BBVA, Banco Brubank, Belo app, Bank Transfer (Argentina)",la-pitu
2025-10-28T01:29:12.969554+00:00,SELL,1473.3,1500.0,200000.0,2209950.0,"Uala, Naranja X, Mercadopago, Belo app, Banco Brubank",CRIPTOSLÊANDRØ
2025-10-28T01:29:12.969568+00:00,SELL,1473.2,1100.0,200000.0,1620520.0,"Lemon Cash, Banco Brubank, Belo app, Mercadopago, Uala",Romanriveiro
2025-10-28T01:29:12.969583+00:00,SELL,1473.12,697.17,150000.0,1027015.0,"Banco Brubank, Bank Transfer (Argentina), Mercadopago, Uala, Naranja X",Sufikali777
2025-10-28T01:29:12.969591+00:00,SELL,1473.1,100.0,65900.0,66000.0,"Bank Transfer, Mercadopago",TitaniumCriptoFC
2025-10-28T01:29:12.969601+00:00,SELL,1473.0,400.0,500000.0,589200.0,"Mercadopago, Lemon Cash, Belo app, Banco Brubank, Uala",KEVINENVIO24
2025-10-28T01:29:12.969608+00:00,SELL,1473.0,40971.72,1000000.0,19600000.0,Lemon Cash,WaveFx
2025-10-28T01:29:12.969617+00:00,SELL,1472.71,286.87,90000.0,422476.0,"Banco Brubank, Lemon Cash, Mercadopago, Naranja X, Bank Transfer",VALCRIPT
2025-10-28T01:29:12.969625+00:00,SELL,1472.7,1000.0,10000.0,1472700.0,"Fiwind, Prex, Bank Transfer, Bank Transfer (Argentina), Naranja X",DamiCripto
2025-10-28T01:29:12.969633+00:00,SELL,1472.1,611.0,50000.0,899453.0,"Lemon Cash, Mercadopago, Bank Transfer (Argentina), Uala, Naranja X",changeflor
2025-10-28T01:29:13.457726+00:00,BUY,1476.87,3616.69,400000.0,5336044.0,"Mercadopago, Banco Brubank, Bank Transfer (Argentina), Banco Santander Argentina, Naranja X",_iCrypto23_
2025-10-28T01:29:13.457770+00:00,BUY,1477.0,32.76,7840.0,48289.0,BBVA,HijosdeAbraham
2025-10-28T01:29:13.457779+00:00,BUY,1477.0,130.0,191600.0,191626.0,"Mercadopago, Naranja X",nutcapybara
2025-10-28T01:29:13.457788+00:00,BUY,1477.1,10880.08,850000.0,16048498.0,"Lemon Cash, Naranja X, Bank Transfer (Argentina), Uala, Banco Brubank",TURRAKAcrypto
2025-10-28T01:29:13.457798+00:00,BUY,1477.3,4309.27,500000.0,6357184.0,"Mercadopago, Banco Brubank, Bank Transfer (Argentina), Naranja X, Lemon Cash",VCte_Crypto
2025-10-28T01:29:13.457806+00:00,BUY,1477.5,154.16,100000.0,227316.0,"Bank Transfer (Argentina), Mercadopago, Lemon Cash, Banco Brubank, Naranja X",facuskrill_argentina
2025-10-28T01:29:13.457815+00:00,BUY,1477.5,1400.0,2000000.0,2000000.0,"Bank Transfer (Argentina), Mercadopago, Banco Brubank, Uala, BBVA",avaldivia
2025-10-28T01:29:13.457823+00:00,BUY,1477.5,555.47,7840.0,819068.0,"Lemon Cash, Mercadopago, Naranja X, Bank Transfer (Argentina), Banco Brubank",matcaraballo
2025-10-28T01:29:13.457833+00:00,BUY,1477.64,101.03,50000.0,148987.0,"Banco Brubank, Mercadopago, Lemon Cash, Naranja X, Belo app",mw-project
2025-10-28T01:29:13.457840+00:00,BUY,1477.64,100.0,10000.0,140000.0,Lemon Cash,exe07
2025-10-28T01:29:13.457849+00:00,BUY,1477.7,1300.94,10000.0,1918561.0,"Bank Transfer (Argentina), Fiwind, Naranja X, Prex, Bank Transfer",DamiCripto
2025-10-28T01:29:13.457857+00:00,BUY,1477.7,97.76,100000.0,144257.0,Naranja X,Supercrypto23
2025-10-28T01:29:13.457864+00:00,BUY,1477.8,3363.97,900000.0,4963333.0,"Uala, Mercadopago, Naranja X",RULEMAN_CRYPTO
2025-10-28T01:29:13.457872+00:00,BUY,1478.0,99.86,75000.0,147298.0,"Mercadopago, Uala, Naranja X",P2P-70e3dfif
2025-10-28T01:29:13.457881+00:00,BUY,1478.0,1171.79,7840.0,1728448.0,"Mercadopago, Banco Brubank, Uala, Bank Transfer (Argentina)",Jonams22
2025-10-28T01:29:13.457889+00:00,BUY,1478.39,6911.44,500000.0,10203518.0,"Mercadopago, Lemon Cash, Bank Transfer (Argentina), Banco Brubank, Naranja X",ArgentinaCrypto
2025-10-28T01:29:13.457897+00:00,BUY,1478.4,2892.2,100000.0,4269850.0,"Bank Transfer (Argentina), Mercadopago, Banco del Sol, Naranja X",--VERTICE--AR--
2025-10-28T01:29:13.457905+00:00,BUY,1479.0,150.88,15000.0,222706.0,Fiwind,Gasti96
2025-10-28T01:29:13.457913+00:00,BUY,1479.0,2169.35,300000.0,3202064.0,Bank Transfer (Argentina),Dayacortez
2025-10-28T01:29:13.457921+00:00,BUY,1479.0,3667.16,1000000.0,5415065.0,"Mercadopago, Lemon Cash",Cambiasseguro
2025-10-28T01:34:14.028123+00:00,SELL,1500.01,10000.0,1960.0,15000100.0,Banco Santander Argentina,Pentagoo_UY
2025-10-28T01:34:14.028167+00:00,SELL,1474.5,259.97,200000.0,383325.0,"Uala, Naranja X, Lemon Cash",User-8ea84
2025-10-28T01:34:14.028178+00:00,SELL,1474.2,174.0,256000.0,256510.0,"Banco Brubank, Bank Transfer (Argentina), Naranja X, Lemon Cash, Mercadopago",mpap2p
2025-10-28T01:34:14.028187+00:00,SELL,1474.0,1400.0,1000000.0,2063600.0,"Banco Brubank, Bank Transfer (Argentina), Uala",vinnievinzfinanzas
2025-10-28T01:34:14.028194+00:00,SELL,1474.0,126.21,100000.0,186033.0,Lemon Cash,LinceX
2025-10-28T01:34:14.028202+00:00,SELL,1474.0,2152.36,50000.0,3148800.0,"Fiwind, Mercadopago, Banco Brubank, Naranja X",MirageNqn
2025-10-28T01:34:14.028210+00:00,SELL,1473.51,140.22,7840.0,206615.0,"Mercadopago, Naranja X, Lemon Cash, Bank Transfer (Argentina), Banco Brubank",matcaraballo
2025-10-28T01:34:14.028218+00:00,SELL,1473.5,1764.93,200000.0,2600624.0,"Banco Santander Argentina, BBVA, Banco Brubank, Belo app, Bank Transfer (Argentina)",la-pitu
2025-10-28T01:34:14.028226+00:00,SELL,1473.3,1500.0,200000.0,2209950.0,"Uala, Naranja X, Mercadopago, Belo app, Banco Brubank",CRIPTOSLÊANDRØ
2025-10-28T01:34:14.028235+00:00,SELL,1473.0,400.0,500000.0,589200.0,"Mercadopago, Lemon Cash, Belo app, Banco Brubank, Uala",KEVINENVIO24
2025-10-28T01:34:14.028243+00:00,SELL,1473.0,16785.52,1000000.0,19600000.0,Lemon Cash,WaveFx
2025-10-28T01:34:14.028251+00:00,SELL,1472.7,1000.0,10000.0,1472700.0,"Fiwind, Prex, Bank Transfer, Bank Transfer (Argentina), Naranja X",DamiCripto
2025-10-28T01:34:14.028259+00:00,SELL,1472.2,450.05,200000.0,662563.0,"Lemon Cash, Banco Brubank, Belo app, Mercadopago, Uala",Romanriveiro
2025-10-28T01:34:14.028267+00:00,SELL,1472.02,73.73,30000.0,108532.0,"Belo app, Naranja X, Mercadopago, Lemon Cash, Banco Brubank",mw-project
2025-10-28T01:34:14.028276+00:00,SELL,1472.01,1500.0,10000.0,2208015.0,"Lemon Cash, Uala, Bank Transfer (Argentina), Naranja X, Mercadopago",BWR-cambioCRYPTO
2025-10-28T01:34:14.028298+00:00,SELL,1472.0,505.36,100000.0,743889.0,"Fiwind, Belo app, BBVA",elgrangabi
2025-10-28T01:34:14.028307+00:00,SELL,1472.0,10000.0,500000.0,9000000.0,"Banco Brubank, Lemon Cash, Mercadopago, Naranja X, Bank Transfer",fz import
2025-10-28T01:34:14.028315+00:00,SELL,1472.0,500.0,25000.0,736000.0,"Uala, Fiwind, Prex, Bank Transfer, Mercadopago",Gasti96
2025-10-28T01:34:14.028323+00:00,SELL,1472.0,57.85,50000.0,85155.0,"Lemon Cash, Mercadopago, Banco Brubank, Naranja X, Uala",Guipie1424
2025-10-28T01:34:14.028331+00:00,SELL,1471.8,282.2,100000.0,300000.0,"Lemon Cash, Naranja X, Mercadopago, Belo app",Julitacrypto
2025-10-28T01:34:14.464405+00:00,BUY,1477.0,32.76,7840.0,48289.0,BBVA,HijosdeAbraham
2025-10-28T01:34:14.464466+00:00,BUY,1477.0,130.0,191600.0,191626.0,"Mercadopago, Naranja X",nutcapybara
2025-10-28T01:34:14.464502+00:00,BUY,1477.0,1400.0,2000000.0,2000000.0,"Bank Transfer (Argentina), Mercadopago, Banco Brubank, Uala, BBVA",avaldivia
2025-10-28T01:34:14.464530+00:00,BUY,1477.0,47.38,15000.0,69840.0,"Banco Brubank, Mercadopago, Uala",Leoocrypto
2025-10-28T01:34:14.464560+00:00,BUY,1477.5,85.61,100000.0,126236.0,"Bank Transfer (Argentina), Mercadopago, Lemon Cash, Banco Brubank, Naranja X",facuskrill_argentina
2025-10-28T01:34:14.464570+00:00,BUY,1477.5,555.47,7840.0,819068.0,"Lemon Cash, Mercadopago, Naranja X, Bank Transfer (Argentina), Banco Brubank",matcaraballo
2025-10-28T01:34:14.464579+00:00,BUY,1477.64,101.03,50000.0,148987.0,"Banco Brubank, Mercadopago, Lemon Cash, Naranja X, Belo app",mw-project
2025-10-28T01:34:14.464587+00:00,BUY,1477.64,100.0,10000.0,140000.0,Lemon Cash,exe07
2025-10-28T01:34:14.464595+00:00,BUY,1477.7,1300.94,10000.0,1918561.0,"Bank Transfer (Argentina), Fiwind, Naranja X, Prex, Bank Transfer",DamiCripto
2025-10-28T01:34:14.464604+00:00,BUY,1478.0,99.86,75000.0,147298.0,"Mercadopago, Uala, Naranja X",P2P-70e3dfif
2025-10-28T01:34:14.464618+00:00,BUY,1478.0,1171.79,7840.0,1728448.0,"Mercadopago, Banco Brubank, Uala, Bank Transfer (Argentina)",Jonams22
2025-10-28T01:34:14.464626+00:00,BUY,1478.3,1200.0,75000.0,480000.0,"Mercadopago, Lemon Cash, Banco Brubank, Naranja X, Uala",BETO280
2025-10-28T01:34:14.464634+00:00,BUY,1478.4,2042.83,100000.0,3015897.0,"Bank Transfer (Argentina), Mercadopago, Banco del Sol, Naranja X",--VERTICE--AR--
2025-10-28T01:34:14.464647+00:00,BUY,1478.87,3900.0,400000.0,5761831.0,"Mercadopago, Banco Brubank, Bank Transfer (Argentina), Banco Santander Argentina, Naranja X",_iCrypto23_
2025-10-28T01:34:14.464656+00:00,BUY,1478.9,1489.22,200000.0,2199328.0,"Lemon Cash, Banco Brubank, Uala, Naranja X",Romanriveiro
2025-10-28T01:34:14.464663+00:00,BUY,1479.0,150.88,15000.0,222706.0,Fiwind,Gasti96
2025-10-28T01:34:14.464671+00:00,BUY,1479.0,2169.35,300000.0,3202064.0,Bank Transfer (Argentina),Dayacortez
2025-10-28T01:34:14.464679+00:00,BUY,1479.0,3667.16,1000000.0,5415065.0,"Mercadopago, Lemon Cash",Cambiasseguro
2025-10-28T01:34:14.464687+00:00,BUY,1479.15,2915.82,100000.0,4306905.0,Naranja X,Supercrypto23
2025-10-28T01:34:14.464694+00:00,BUY,1479.3,575.16,70000.0,849644.0,"Lemon Cash, Naranja X, Banco del Sol",BAHIA_CRYPTO
2025-10-28T01:39:15.150344+00:00,SELL,1500.01,10000.0,1960.0,15000100.0,Banco Santander Argentina,Pentagoo_UY
